日期,时间,成交价,成交量,总量,属性(持仓增减),B1价,B1量,B2价,B2量,B3价,B3量,S1价,S1量,S2价,S2量,S3价,S3量,BS
2012-08-20,8:59:00,7574,4052,4052,633306,7574,70,0,0,0,0,7576,3,0,0,0,0,S
2012-08-20,9:00:00,7574,774,4826,620,7574,13,0,0,0,0,7578,155,0,0,0,0,S
2012-08-20,9:00:00,7576,432,5258,202,7576,107,0,0,0,0,7578,168,0,0,0,0,B
2012-08-20,9:00:01,7578,812,6070,266,7576,103,0,0,0,0,7578,86,0,0,0,0,B
2012-08-20,9:00:01,7578,526,6596,-130,7578,40,0,0,0,0,7580,133,0,0,0,0,B
2012-08-20,9:00:01,7580,454,7050,32,7578,81,0,0,0,0,7580,56,0,0,0,0,B
2012-08-20,9:00:02,7576,184,7234,120,7576,128,0,0,0,0,7580,49,0,0,0,0,S
2012-08-20,9:00:02,7576,362,7596,214,7576,97,0,0,0,0,7578,5,0,0,0,0,S
2012-08-20,9:00:03,7580,132,7728,82,7580,19,0,0,0,0,7582,23,0,0,0,0,B
2012-08-20,9:00:03,7578,186,7914,62,7576,102,0,0,0,0,7578,6,0,0,0,0,S
2012-08-20,9:00:03,7576,16,7930,2,7576,100,0,0,0,0,7578,2,0,0,0,0,S
2012-08-20,9:00:03,7576,430,8360,120,7576,94,0,0,0,0,7582,173,0,0,0,0,S
2012-08-20,9:00:04,7576,154,8514,84,7576,58,0,0,0,0,7578,1,0,0,0,0,S
2012-08-20,9:00:04,7578,48,8562,32,7578,71,0,0,0,0,7580,36,0,0,0,0,B
2012-08-20,9:00:05,7578,184,8746,98,7578,57,0,0,0,0,7580,65,0,0,0,0,S
2012-08-20,9:00:05,7578,212,8958,154,7578,2,0,0,0,0,7580,315,0,0,0,0,S
2012-08-20,9:00:05,7576,104,9062,46,7576,39,0,0,0,0,7578,117,0,0,0,0,S
2012-08-20,9:00:05,7576,184,9246,104,7574,19,0,0,0,0,7576,131,0,0,0,0,S
2012-08-20,9:00:06,7576,4,9250,4,7574,18,0,0,0,0,7576,183,0,0,0,0,B
2012-08-20,9:00:06,7574,138,9388,72,7572,58,0,0,0,0,7574,208,0,0,0,0,S
2012-08-20,9:00:07,7570,330,9718,188,7570,926,0,0,0,0,7572,45,0,0,0,0,S
2012-08-20,9:00:08,7572,58,9776,-16,7570,921,0,0,0,0,7572,67,0,0,0,0,B
2012-08-20,9:00:08,7570,790,10566,-600,7570,28,0,0,0,0,7574,217,0,0,0,0,S
2012-08-20,9:00:08,7574,26,10592,-16,7572,25,0,0,0,0,7574,213,0,0,0,0,B
2012-08-20,9:00:08,7572,142,10734,26,7572,284,0,0,0,0,7574,202,0,0,0,0,S
2012-08-20,9:00:09,7572,238,10972,204,7572,332,0,0,0,0,7574,202,0,0,0,0,S
2012-08-20,9:00:10,7574,152,11124,78,7572,290,0,0,0,0,7574,369,0,0,0,0,B
2012-08-20,9:00:10,7572,166,11290,-48,7572,285,0,0,0,0,7574,288,0,0,0,0,S
2012-08-20,9:00:10,7572,24,11314,4,7572,284,0,0,0,0,7574,287,0,0,0,0,S
2012-08-20,9:00:10,7574,40,11354,12,7572,334,0,0,0,0,7574,280,0,0,0,0,B
2012-08-20,9:00:11,7574,28,11382,16,7572,327,0,0,0,0,7574,275,0,0,0,0,B
2012-08-20,9:00:11,7572,138,11520,106,7572,300,0,0,0,0,7574,238,0,0,0,0,S
2012-08-20,9:00:12,7572,176,11696,158,7572,236,0,0,0,0,7574,215,0,0,0,0,S
2012-08-20,9:00:12,7572,200,11896,100,7572,179,0,0,0,0,7574,180,0,0,0,0,S
2012-08-20,9:00:12,7574,310,12206,284,7572,76,0,0,0,0,7574,89,0,0,0,0,B
2012-08-20,9:00:13,7572,24,12230,12,7572,71,0,0,0,0,7574,104,0,0,0,0,S
2012-08-20,9:00:13,7574,120,12350,12,7572,243,0,0,0,0,7574,78,0,0,0,0,B
2012-08-20,9:00:14,7574,58,12408,36,7572,218,0,0,0,0,7574,81,0,0,0,0,B
2012-08-20,9:00:14,7572,24,12432,18,7572,265,0,0,0,0,7574,59,0,0,0,0,S
2012-08-20,9:00:14,7574,42,12474,36,7572,308,0,0,0,0,7574,46,0,0,0,0,B
2012-08-20,9:00:15,7574,106,12580,-42,7572,256,0,0,0,0,7574,55,0,0,0,0,B
2012-08-20,9:00:15,7574,150,12730,60,7572,254,0,0,0,0,7574,40,0,0,0,0,B
2012-08-20,9:00:15,7574,2,12732,2,7572,254,0,0,0,0,7574,39,0,0,0,0,B
2012-08-20,9:00:16,7572,412,13144,-28,7572,187,0,0,0,0,7574,18,0,0,0,0,S
2012-08-20,9:00:17,7574,46,13190,-8,7574,258,0,0,0,0,7576,119,0,0,0,0,B
2012-08-20,9:00:17,7576,22,13212,-12,7574,255,0,0,0,0,7576,125,0,0,0,0,B
2012-08-20,9:00:17,7574,40,13252,0,7574,262,0,0,0,0,7576,125,0,0,0,0,S
2012-08-20,9:00:18,7576,76,13328,-28,7574,247,0,0,0,0,7576,122,0,0,0,0,B
2012-08-20,9:00:18,7574,12,13340,2,7574,245,0,0,0,0,7576,121,0,0,0,0,S
2012-08-20,9:00:18,7574,14,13354,-4,7574,241,0,0,0,0,7576,112,0,0,0,0,S
2012-08-20,9:00:18,7574,242,13596,60,7574,153,0,0,0,0,7576,80,0,0,0,0,S
2012-08-20,9:00:19,7574,20,13616,0,7574,149,0,0,0,0,7576,76,0,0,0,0,S
2012-08-20,9:00:19,7574,150,13766,-4,7574,101,0,0,0,0,7576,58,0,0,0,0,S
2012-08-20,9:00:19,7574,40,13806,-26,7574,86,0,0,0,0,7576,161,0,0,0,0,S
2012-08-20,9:00:20,7574,568,14374,330,7572,103,0,0,0,0,7574,9,0,0,0,0,S
2012-08-20,9:00:20,7574,36,14410,6,7572,89,0,0,0,0,7574,6,0,0,0,0,B
2012-08-20,9:00:21,7574,156,14566,152,7572,90,0,0,0,0,7574,203,0,0,0,0,B
2012-08-20,9:00:21,7570,248,14814,152,7570,1007,0,0,0,0,7572,12,0,0,0,0,S
2012-08-20,9:00:21,7570,8,14822,0,7570,1005,0,0,0,0,7572,10,0,0,0,0,S
2012-08-20,9:00:22,7572,30,14852,16,7570,1002,0,0,0,0,7572,16,0,0,0,0,B
2012-08-20,9:00:22,7574,46,14898,-36,7570,998,0,0,0,0,7574,465,0,0,0,0,B
2012-08-20,9:00:23,7572,48,14946,-24,7572,114,0,0,0,0,7574,464,0,0,0,0,S
2012-08-20,9:00:23,7572,92,15038,-8,7572,99,0,0,0,0,7574,386,0,0,0,0,S
2012-08-20,9:00:23,7572,14,15052,-8,7572,109,0,0,0,0,7574,386,0,0,0,0,S
2012-08-20,9:00:23,7572,40,15092,-20,7572,117,0,0,0,0,7574,382,0,0,0,0,S
2012-08-20,9:00:24,7572,60,15152,-42,7572,88,0,0,0,0,7574,381,0,0,0,0,S
2012-08-20,9:00:24,7574,54,15206,-42,7572,84,0,0,0,0,7574,359,0,0,0,0,B
2012-08-20,9:00:24,7572,108,15314,62,7572,33,0,0,0,0,7574,358,0,0,0,0,S
2012-08-20,9:00:25,7572,142,15456,-32,7570,1008,0,0,0,0,7572,28,0,0,0,0,S
2012-08-20,9:00:25,7570,40,15496,-2,7570,994,0,0,0,0,7572,59,0,0,0,0,S
2012-08-20,9:00:26,7572,54,15550,-24,7570,986,0,0,0,0,7572,463,0,0,0,0,B
2012-08-20,9:00:26,7572,40,15590,8,7570,984,0,0,0,0,7572,444,0,0,0,0,B
2012-08-20,9:00:27,7570,1528,17118,-542,7570,263,0,0,0,0,7572,429,0,0,0,0,S
2012-08-20,9:00:27,7568,560,17678,60,7568,104,0,0,0,0,7570,390,0,0,0,0,S
2012-08-20,9:00:27,7568,154,17832,66,7568,66,0,0,0,0,7570,413,0,0,0,0,S
2012-08-20,9:00:28,7568,148,17980,28,7568,40,0,0,0,0,7570,412,0,0,0,0,S
2012-08-20,9:00:28,7568,114,18094,66,7568,3,0,0,0,0,7570,489,0,0,0,0,S
2012-08-20,9:00:29,7566,294,18388,286,7566,284,0,0,0,0,7568,78,0,0,0,0,S
2012-08-20,9:00:29,7568,14,18402,0,7566,284,0,0,0,0,7568,78,0,0,0,0,B
2012-08-20,9:00:29,7566,30,18432,24,7566,303,0,0,0,0,7568,91,0,0,0,0,S
2012-08-20,9:00:30,7566,4,18436,4,7566,301,0,0,0,0,7568,312,0,0,0,0,S
2012-08-20,9:00:30,7566,74,18510,20,7566,367,0,0,0,0,7568,329,0,0,0,0,S
2012-08-20,9:00:30,7566,84,18594,0,7566,326,0,0,0,0,7568,343,0,0,0,0,S
2012-08-20,9:00:30,7564,910,19504,-348,7564,49,0,0,0,0,7566,59,0,0,0,0,S
2012-08-20,9:00:31,7566,2,19506,0,7564,48,0,0,0,0,7566,153,0,0,0,0,B
2012-08-20,9:00:32,7564,64,19570,12,7564,40,0,0,0,0,7566,174,0,0,0,0,S
2012-08-20,9:00:32,7566,88,19658,0,7564,9,0,0,0,0,7566,172,0,0,0,0,B
2012-08-20,9:00:32,7564,32,19690,0,7564,70,0,0,0,0,7566,176,0,0,0,0,S
2012-08-20,9:00:32,7566,484,20174,-332,7564,8,0,0,0,0,7566,160,0,0,0,0,B
2012-08-20,9:00:33,7564,40,20214,-10,7564,63,0,0,0,0,7566,153,0,0,0,0,S
2012-08-20,9:00:33,7564,66,20280,-10,7564,115,0,0,0,0,7566,158,0,0,0,0,S
2012-08-20,9:00:33,7564,36,20316,-8,7564,128,0,0,0,0,7566,159,0,0,0,0,S
2012-08-20,9:00:34,7566,432,20748,-120,7566,30,0,0,0,0,7568,370,0,0,0,0,B
2012-08-20,9:00:34,7566,30,20778,-2,7566,122,0,0,0,0,7568,370,0,0,0,0,S
2012-08-20,9:00:35,7564,734,21512,-578,7562,43,0,0,0,0,7564,42,0,0,0,0,S
2012-08-20,9:00:35,7564,188,21700,-16,7562,26,0,0,0,0,7564,79,0,0,0,0,B
2012-08-20,9:00:35,7564,30,21730,6,7562,84,0,0,0,0,7564,143,0,0,0,0,B
2012-08-20,9:00:36,7562,64,21794,-18,7562,69,0,0,0,0,7564,142,0,0,0,0,S
2012-08-20,9:00:36,7562,84,21878,6,7562,31,0,0,0,0,7564,148,0,0,0,0,S
2012-08-20,9:00:37,7564,100,21978,80,7562,12,0,0,0,0,7564,121,0,0,0,0,B
2012-08-20,9:00:37,7564,76,22054,46,7560,462,0,0,0,0,7564,53,0,0,0,0,B
2012-08-20,9:00:37,7560,16,22070,14,7560,461,0,0,0,0,7562,89,0,0,0,0,S
2012-08-20,9:00:37,7562,10,22080,0,7560,463,0,0,0,0,7562,105,0,0,0,0,B
2012-08-20,9:00:38,7562,70,22150,32,7560,431,0,0,0,0,7562,106,0,0,0,0,B
2012-08-20,9:00:38,7562,284,22434,72,7560,337,0,0,0,0,7562,109,0,0,0,0,B
2012-08-20,9:00:39,7560,104,22538,46,7560,346,0,0,0,0,7562,106,0,0,0,0,S
2012-08-20,9:00:39,7560,40,22578,0,7560,327,0,0,0,0,7562,144,0,0,0,0,S
2012-08-20,9:00:40,7560,478,23056,56,7560,156,0,0,0,0,7562,83,0,0,0,0,S
2012-08-20,9:00:40,7560,2,23058,0,7560,155,0,0,0,0,7562,83,0,0,0,0,S
2012-08-20,9:00:40,7560,346,23404,-58,7558,109,0,0,0,0,7560,60,0,0,0,0,S
2012-08-20,9:00:41,7560,12,23416,-2,7558,107,0,0,0,0,7560,62,0,0,0,0,B
2012-08-20,9:00:41,7560,22,23438,8,7558,105,0,0,0,0,7560,73,0,0,0,0,B
2012-08-20,9:00:41,7560,358,23796,218,7558,2,0,0,0,0,7560,651,0,0,0,0,B
2012-08-20,9:00:42,7558,114,23910,68,7556,138,0,0,0,0,7558,448,0,0,0,0,S
2012-08-20,9:00:43,7554,510,24420,36,7554,400,0,0,0,0,7556,20,0,0,0,0,S
2012-08-20,9:00:43,7554,130,24550,0,7554,335,0,0,0,0,7556,20,0,0,0,0,S
2012-08-20,9:00:44,7556,150,24700,2,7554,264,0,0,0,0,7556,14,0,0,0,0,B
2012-08-20,9:00:44,7554,408,25108,12,7554,150,0,0,0,0,7556,99,0,0,0,0,S
2012-08-20,9:00:44,7554,22,25130,-20,7554,139,0,0,0,0,7556,99,0,0,0,0,S
2012-08-20,9:00:45,7554,348,25478,-4,7552,578,0,0,0,0,7554,84,0,0,0,0,S
2012-08-20,9:00:45,7554,2,25480,2,7552,578,0,0,0,0,7554,83,0,0,0,0,B
2012-08-20,9:00:45,7554,76,25556,20,7552,689,0,0,0,0,7554,152,0,0,0,0,B
2012-08-20,9:00:46,7554,396,25952,-24,7554,18,0,0,0,0,7556,234,0,0,0,0,B
2012-08-20,9:00:46,7552,918,26870,-244,7552,208,0,0,0,0,7554,2,0,0,0,0,S
2012-08-20,9:00:47,7552,6,26876,-2,7552,205,0,0,0,0,7554,3,0,0,0,0,S
2012-08-20,9:00:47,7552,264,27140,58,7552,264,0,0,0,0,7556,134,0,0,0,0,S
2012-08-20,9:00:47,7552,344,27484,-82,7552,183,0,0,0,0,7556,134,0,0,0,0,S
2012-08-20,9:00:48,7552,2,27486,2,7552,182,0,0,0,0,7556,134,0,0,0,0,S
2012-08-20,9:00:48,7552,1016,28502,-282,7550,626,0,0,0,0,7552,188,0,0,0,0,S
2012-08-20,9:00:49,7552,12,28514,4,7550,622,0,0,0,0,7552,187,0,0,0,0,B
2012-08-20,9:00:49,7552,466,28980,-348,7552,111,0,0,0,0,7554,238,0,0,0,0,B
2012-08-20,9:00:49,7554,144,29124,12,7552,104,0,0,0,0,7554,221,0,0,0,0,B
2012-08-20,9:00:50,7554,16,29140,-8,7552,98,0,0,0,0,7554,220,0,0,0,0,B
2012-08-20,9:00:50,7552,324,29464,-42,7552,104,0,0,0,0,7554,471,0,0,0,0,S
2012-08-20,9:00:51,7554,422,29886,68,7550,559,0,0,0,0,7554,434,0,0,0,0,B
2012-08-20,9:00:51,7552,12,29898,4,7550,558,0,0,0,0,7554,433,0,0,0,0,S
2012-08-20,9:00:51,7550,294,30192,76,7550,516,0,0,0,0,7552,57,0,0,0,0,S
2012-08-20,9:00:52,7552,14,30206,10,7550,519,0,0,0,0,7552,51,0,0,0,0,B
2012-08-20,9:00:52,7552,118,30324,12,7550,498,0,0,0,0,7552,94,0,0,0,0,B
2012-08-20,9:00:52,7550,106,30430,-28,7550,489,0,0,0,0,7552,55,0,0,0,0,S
2012-08-20,9:00:52,7552,378,30808,-318,7550,360,0,0,0,0,7552,11,0,0,0,0,B
2012-08-20,9:00:53,7552,70,30878,20,7550,337,0,0,0,0,7552,69,0,0,0,0,B
2012-08-20,9:00:53,7550,376,31254,-206,7550,211,0,0,0,0,7552,135,0,0,0,0,S
2012-08-20,9:00:53,7552,98,31352,24,7550,220,0,0,0,0,7552,89,0,0,0,0,B
2012-08-20,9:00:54,7550,488,31840,-74,7548,518,0,0,0,0,7550,126,0,0,0,0,S
2012-08-20,9:00:54,7550,4,31844,4,7548,518,0,0,0,0,7550,132,0,0,0,0,B
2012-08-20,9:00:54,7548,36,31880,28,7548,520,0,0,0,0,7550,343,0,0,0,0,S
2012-08-20,9:00:55,7548,124,32004,-14,7548,463,0,0,0,0,7550,118,0,0,0,0,S
2012-08-20,9:00:55,7548,328,32332,-24,7548,327,0,0,0,0,7550,90,0,0,0,0,S
2012-08-20,9:00:55,7548,668,33000,-320,7548,99,0,0,0,0,7552,277,0,0,0,0,S
2012-08-20,9:00:55,7546,224,33224,-10,7546,636,0,0,0,0,7548,110,0,0,0,0,S
2012-08-20,9:00:56,7548,290,33514,54,7546,539,0,0,0,0,7548,79,0,0,0,0,B
2012-08-20,9:00:56,7546,198,33712,-40,7546,479,0,0,0,0,7548,61,0,0,0,0,S
2012-08-20,9:00:57,7550,518,34230,222,7548,81,0,0,0,0,7550,92,0,0,0,0,B
2012-08-20,9:00:57,7546,448,34678,36,7546,363,0,0,0,0,7548,40,0,0,0,0,S
2012-08-20,9:00:57,7548,128,34806,-44,7546,320,0,0,0,0,7548,68,0,0,0,0,B
2012-08-20,9:00:58,7550,452,35258,-120,7550,125,0,0,0,0,7552,333,0,0,0,0,B
2012-08-20,9:00:58,7550,136,35394,-8,7550,73,0,0,0,0,7552,332,0,0,0,0,S
2012-08-20,9:00:59,7548,180,35574,-44,7548,3,0,0,0,0,7552,324,0,0,0,0,S
2012-08-20,9:00:59,7552,136,35710,42,7548,66,0,0,0,0,7552,318,0,0,0,0,B
2012-08-20,9:00:59,7550,384,36094,-88,7548,13,0,0,0,0,7550,901,0,0,0,0,S
2012-08-20,9:01:00,7548,8,36102,-2,7548,38,0,0,0,0,7550,904,0,0,0,0,S
2012-08-20,9:01:00,7550,224,36326,-46,7548,7,0,0,0,0,7550,870,0,0,0,0,B
2012-08-20,9:01:00,7548,26,36352,-2,7546,329,0,0,0,0,7548,96,0,0,0,0,S
2012-08-20,9:01:00,7548,88,36440,-32,7546,361,0,0,0,0,7548,56,0,0,0,0,B
2012-08-20,9:01:01,7548,34,36474,-12,7546,357,0,0,0,0,7548,45,0,0,0,0,B
2012-08-20,9:01:01,7548,224,36698,-122,7546,343,0,0,0,0,7548,22,0,0,0,0,B
2012-08-20,9:01:01,7548,66,36764,-4,7546,332,0,0,0,0,7548,33,0,0,0,0,B
2012-08-20,9:01:02,7548,224,36988,26,7548,2,0,0,0,0,7550,1001,0,0,0,0,B
2012-08-20,9:01:02,7546,524,37512,-472,7546,99,0,0,0,0,7550,784,0,0,0,0,S
2012-08-20,9:01:03,7550,44,37556,26,7548,211,0,0,0,0,7550,775,0,0,0,0,B
2012-08-20,9:01:03,7548,136,37692,16,7548,192,0,0,0,0,7550,792,0,0,0,0,S
2012-08-20,9:01:03,7550,44,37736,4,7548,294,0,0,0,0,7550,785,0,0,0,0,B
2012-08-20,9:01:03,7548,124,37860,-6,7548,289,0,0,0,0,7550,762,0,0,0,0,S
2012-08-20,9:01:04,7548,150,38010,76,7548,251,0,0,0,0,7550,752,0,0,0,0,S
2012-08-20,9:01:04,7548,52,38062,-14,7548,299,0,0,0,0,7550,742,0,0,0,0,S
2012-08-20,9:01:05,7550,246,38308,-22,7548,299,0,0,0,0,7550,654,0,0,0,0,B
2012-08-20,9:01:05,7550,174,38482,-150,7548,463,0,0,0,0,7550,570,0,0,0,0,B
2012-08-20,9:01:05,7550,294,38776,-36,7548,428,0,0,0,0,7550,460,0,0,0,0,B
2012-08-20,9:01:05,7550,406,39182,-124,7548,440,0,0,0,0,7550,260,0,0,0,0,B
2012-08-20,9:01:06,7550,530,39712,332,7550,35,0,0,0,0,7552,330,0,0,0,0,B
2012-08-20,9:01:06,7552,250,39962,190,7550,364,0,0,0,0,7552,242,0,0,0,0,B
2012-08-20,9:01:06,7552,130,40092,124,7550,342,0,0,0,0,7552,216,0,0,0,0,B
2012-08-20,9:01:07,7552,10,40102,2,7550,343,0,0,0,0,7552,212,0,0,0,0,B
2012-08-20,9:01:07,7552,372,40474,124,7550,351,0,0,0,0,7552,106,0,0,0,0,B
2012-08-20,9:01:08,7552,280,40754,112,7552,40,0,0,0,0,7554,353,0,0,0,0,B
2012-08-20,9:01:08,7554,12,40766,2,7552,137,0,0,0,0,7554,350,0,0,0,0,B
2012-08-20,9:01:09,7554,86,40852,18,7552,169,0,0,0,0,7554,351,0,0,0,0,B
2012-08-20,9:01:09,7554,2,40854,2,7552,176,0,0,0,0,7554,349,0,0,0,0,B
2012-08-20,9:01:10,7554,772,41626,446,7554,281,0,0,0,0,7556,49,0,0,0,0,B
2012-08-20,9:01:10,7554,76,41702,8,7554,923,0,0,0,0,7556,44,0,0,0,0,S
2012-08-20,9:01:11,7556,148,41850,-68,7554,819,0,0,0,0,7556,79,0,0,0,0,B
2012-08-20,9:01:11,7556,4,41854,-4,7554,819,0,0,0,0,7556,77,0,0,0,0,B
2012-08-20,9:01:12,7556,256,42110,-204,7554,706,0,0,0,0,7556,73,0,0,0,0,B
2012-08-20,9:01:12,7554,336,42446,-28,7554,737,0,0,0,0,7556,66,0,0,0,0,S
2012-08-20,9:01:13,7556,40,42486,-2,7554,753,0,0,0,0,7556,100,0,0,0,0,B
2012-08-20,9:01:13,7556,34,42520,-22,7554,751,0,0,0,0,7556,107,0,0,0,0,B
2012-08-20,9:01:13,7556,66,42586,-64,7554,751,0,0,0,0,7556,189,0,0,0,0,B
2012-08-20,9:01:13,7554,2,42588,0,7554,757,0,0,0,0,7556,273,0,0,0,0,S
2012-08-20,9:01:14,7556,256,42844,-84,7554,723,0,0,0,0,7556,202,0,0,0,0,B
2012-08-20,9:01:15,7556,438,43282,-8,7554,711,0,0,0,0,7556,25,0,0,0,0,B
2012-08-20,9:01:15,7556,8,43290,0,7554,714,0,0,0,0,7556,21,0,0,0,0,B
2012-08-20,9:01:15,7556,130,43420,-50,7554,681,0,0,0,0,7556,3,0,0,0,0,B
2012-08-20,9:01:16,7558,408,43828,398,7556,100,0,0,0,0,7558,303,0,0,0,0,B
2012-08-20,9:01:16,7556,2,43830,2,7556,201,0,0,0,0,7558,303,0,0,0,0,S
2012-08-20,9:01:16,7556,100,43930,40,7556,167,0,0,0,0,7558,303,0,0,0,0,S
2012-08-20,9:01:17,7556,34,43964,4,7556,241,0,0,0,0,7558,293,0,0,0,0,S
2012-08-20,9:01:17,7556,66,44030,0,7556,246,0,0,0,0,7558,262,0,0,0,0,S
2012-08-20,9:01:18,7558,26,44056,8,7556,296,0,0,0,0,7558,256,0,0,0,0,B
2012-08-20,9:01:18,7558,12,44068,2,7556,301,0,0,0,0,7558,250,0,0,0,0,B
2012-08-20,9:01:18,7558,280,44348,178,7556,266,0,0,0,0,7558,156,0,0,0,0,B
2012-08-20,9:01:18,7558,12,44360,4,7556,256,0,0,0,0,7558,151,0,0,0,0,B
2012-08-20,9:01:19,7556,74,44434,70,7556,234,0,0,0,0,7558,142,0,0,0,0,S
2012-08-20,9:01:20,7558,56,44490,52,7556,236,0,0,0,0,7558,131,0,0,0,0,B
2012-08-20,9:01:20,7556,14,44504,14,7556,229,0,0,0,0,7558,131,0,0,0,0,S
2012-08-20,9:01:20,7558,180,44684,174,7556,215,0,0,0,0,7558,92,0,0,0,0,B
2012-08-20,9:01:20,7558,6,44690,4,7556,215,0,0,0,0,7558,89,0,0,0,0,B
2012-08-20,9:01:21,7556,98,44788,64,7556,253,0,0,0,0,7558,44,0,0,0,0,S
2012-08-20,9:01:21,7558,6,44794,2,7556,256,0,0,0,0,7558,44,0,0,0,0,B
2012-08-20,9:01:21,7558,234,45028,-36,7558,473,0,0,0,0,7560,1261,0,0,0,0,B
2012-08-20,9:01:22,7558,28,45056,0,7558,482,0,0,0,0,7560,1761,0,0,0,0,S
2012-08-20,9:01:23,7558,860,45916,-676,7558,86,0,0,0,0,7560,1745,0,0,0,0,S
2012-08-20,9:01:23,7558,268,46184,2,7556,235,0,0,0,0,7558,234,0,0,0,0,S
2012-08-20,9:01:24,7556,116,46300,44,7556,285,0,0,0,0,7558,582,0,0,0,0,S
2012-08-20,9:01:24,7558,262,46562,-22,7556,245,0,0,0,0,7558,601,0,0,0,0,B
2012-08-20,9:01:25,7558,1374,47936,788,7558,971,0,0,0,0,7560,1731,0,0,0,0,B
2012-08-20,9:01:25,7558,20,47956,0,7558,961,0,0,0,0,7560,1731,0,0,0,0,S
2012-08-20,9:01:26,7558,416,48372,-142,7558,778,0,0,0,0,7560,1721,0,0,0,0,S
2012-08-20,9:01:26,7560,74,48446,-18,7558,888,0,0,0,0,7560,1687,0,0,0,0,B
2012-08-20,9:01:26,7558,8,48454,0,7558,884,0,0,0,0,7560,1687,0,0,0,0,S
2012-08-20,9:01:27,7560,692,49146,-28,7558,896,0,0,0,0,7560,1356,0,0,0,0,B
2012-08-20,9:01:27,7558,102,49248,0,7558,903,0,0,0,0,7560,1306,0,0,0,0,S
2012-08-20,9:01:28,7560,22,49270,0,7558,1143,0,0,0,0,7560,1296,0,0,0,0,B
2012-08-20,9:01:28,7558,4,49274,-2,7558,1141,0,0,0,0,7560,1296,0,0,0,0,S
2012-08-20,9:01:29,7560,662,49936,-386,7558,1108,0,0,0,0,7560,1010,0,0,0,0,B
2012-08-20,9:01:29,7560,596,50532,-550,7558,1109,0,0,0,0,7560,767,0,0,0,0,B
2012-08-20,9:01:29,7560,832,51364,64,7558,972,0,0,0,0,7560,351,0,0,0,0,B
2012-08-20,9:01:29,7560,446,51810,-68,7558,862,0,0,0,0,7560,239,0,0,0,0,B
2012-08-20,9:01:30,7560,56,51866,52,7558,862,0,0,0,0,7560,212,0,0,0,0,B
2012-08-20,9:01:30,7560,152,52018,136,7558,880,0,0,0,0,7560,136,0,0,0,0,B
2012-08-20,9:01:31,7560,44,52062,40,7558,891,0,0,0,0,7560,114,0,0,0,0,B
2012-08-20,9:01:31,7558,230,52292,100,7558,881,0,0,0,0,7560,12,0,0,0,0,S
2012-08-20,9:01:31,7560,4,52296,4,7558,881,0,0,0,0,7560,10,0,0,0,0,B
2012-08-20,9:01:31,7564,134,52430,-8,7560,74,0,0,0,0,7564,149,0,0,0,0,B
2012-08-20,9:01:32,7560,128,52558,72,7560,16,0,0,0,0,7564,151,0,0,0,0,S
2012-08-20,9:01:32,7562,28,52586,14,7562,7,0,0,0,0,7564,212,0,0,0,0,B
2012-08-20,9:01:32,7558,254,52840,152,7558,864,0,0,0,0,7564,212,0,0,0,0,S
2012-08-20,9:01:33,7560,56,52896,32,7560,25,0,0,0,0,7562,60,0,0,0,0,B
2012-08-20,9:01:33,7560,4,52900,4,7560,23,0,0,0,0,7562,60,0,0,0,0,S
2012-08-20,9:01:33,7560,86,52986,-34,7560,37,0,0,0,0,7562,56,0,0,0,0,S
2012-08-20,9:01:34,7560,166,53152,24,7558,870,0,0,0,0,7560,16,0,0,0,0,S
2012-08-20,9:01:35,7562,70,53222,-30,7558,857,0,0,0,0,7562,190,0,0,0,0,B
2012-08-20,9:01:35,7560,70,53292,66,7558,855,0,0,0,0,7560,30,0,0,0,0,S
2012-08-20,9:01:35,7558,54,53346,42,7558,851,0,0,0,0,7560,7,0,0,0,0,S
2012-08-20,9:01:36,7560,24,53370,12,7558,853,0,0,0,0,7560,49,0,0,0,0,B
2012-08-20,9:01:36,7560,104,53474,6,7558,851,0,0,0,0,7560,89,0,0,0,0,B
2012-08-20,9:01:36,7560,272,53746,16,7560,381,0,0,0,0,7562,183,0,0,0,0,B
2012-08-20,9:01:36,7560,24,53770,0,7560,370,0,0,0,0,7562,211,0,0,0,0,S
2012-08-20,9:01:37,7560,26,53796,-2,7560,372,0,0,0,0,7562,217,0,0,0,0,S
2012-08-20,9:01:37,7560,4,53800,-4,7560,370,0,0,0,0,7562,217,0,0,0,0,S
2012-08-20,9:01:38,7560,120,53920,6,7560,326,0,0,0,0,7562,210,0,0,0,0,S
2012-08-20,9:01:38,7560,12,53932,0,7560,448,0,0,0,0,7562,211,0,0,0,0,S
2012-08-20,9:01:38,7560,12,53944,10,7560,453,0,0,0,0,7562,118,0,0,0,0,S
2012-08-20,9:01:39,7560,58,54002,-42,7560,456,0,0,0,0,7562,58,0,0,0,0,S
2012-08-20,9:01:39,7560,2,54004,0,7560,455,0,0,0,0,7562,58,0,0,0,0,S
2012-08-20,9:01:40,7562,148,54152,92,7562,33,0,0,0,0,7564,141,0,0,0,0,B
2012-08-20,9:01:40,7562,2,54154,0,7562,39,0,0,0,0,7564,141,0,0,0,0,S
2012-08-20,9:01:40,7564,40,54194,12,7562,168,0,0,0,0,7564,127,0,0,0,0,B
2012-08-20,9:01:40,7562,2,54196,2,7562,167,0,0,0,0,7564,127,0,0,0,0,S
2012-08-20,9:01:41,7562,112,54308,100,7562,112,0,0,0,0,7564,131,0,0,0,0,S
2012-08-20,9:01:41,7560,136,54444,-70,7560,465,0,0,0,0,7562,19,0,0,0,0,S
2012-08-20,9:01:41,7560,114,54558,0,7560,465,0,0,0,0,7562,18,0,0,0,0,S
2012-08-20,9:01:42,7562,38,54596,-14,7560,459,0,0,0,0,7562,66,0,0,0,0,B
2012-08-20,9:01:42,7560,72,54668,40,7560,469,0,0,0,0,7562,214,0,0,0,0,S
2012-08-20,9:01:43,7560,208,54876,58,7560,473,0,0,0,0,7562,162,0,0,0,0,S
2012-08-20,9:01:44,7560,124,55000,-94,7560,422,0,0,0,0,7562,151,0,0,0,0,S
2012-08-20,9:01:44,7562,2,55002,2,7560,423,0,0,0,0,7562,150,0,0,0,0,B
2012-08-20,9:01:44,7562,82,55084,60,7560,441,0,0,0,0,7562,111,0,0,0,0,B
2012-08-20,9:01:44,7562,130,55214,-2,7560,443,0,0,0,0,7562,53,0,0,0,0,B
2012-08-20,9:01:45,7560,6,55220,2,7560,453,0,0,0,0,7562,55,0,0,0,0,S
2012-08-20,9:01:45,7562,2,55222,2,7560,453,0,0,0,0,7562,62,0,0,0,0,B
2012-08-20,9:01:45,7562,12,55234,2,7560,456,0,0,0,0,7562,43,0,0,0,0,B
2012-08-20,9:01:45,7562,98,55332,12,7562,1,0,0,0,0,7564,146,0,0,0,0,B
2012-08-20,9:01:46,7562,16,55348,8,7562,13,0,0,0,0,7564,146,0,0,0,0,S
2012-08-20,9:01:47,7564,40,55388,28,7562,24,0,0,0,0,7564,146,0,0,0,0,B
2012-08-20,9:01:47,7562,116,55504,-10,7562,73,0,0,0,0,7564,146,0,0,0,0,S
2012-08-20,9:01:47,7564,4,55508,4,7562,88,0,0,0,0,7564,144,0,0,0,0,B
2012-08-20,9:01:47,7562,12,55520,-4,7562,83,0,0,0,0,7564,144,0,0,0,0,S
2012-08-20,9:01:48,7564,24,55544,2,7562,143,0,0,0,0,7564,132,0,0,0,0,B
2012-08-20,9:01:48,7564,162,55706,16,7562,117,0,0,0,0,7564,81,0,0,0,0,B
2012-08-20,9:01:48,7564,178,55884,-58,7562,122,0,0,0,0,7564,49,0,0,0,0,B
2012-08-20,9:01:49,7564,22,55906,20,7562,121,0,0,0,0,7564,40,0,0,0,0,B
2012-08-20,9:01:49,7562,2,55908,-2,7562,125,0,0,0,0,7564,40,0,0,0,0,S
2012-08-20,9:01:50,7564,30,55938,16,7562,127,0,0,0,0,7564,29,0,0,0,0,B
2012-08-20,9:01:50,7560,300,56238,24,7560,1,0,0,0,0,7564,29,0,0,0,0,S
2012-08-20,9:01:50,7560,28,56266,4,7560,767,0,0,0,0,7562,8,0,0,0,0,S
2012-08-20,9:01:50,7564,60,56326,46,7560,767,0,0,0,0,7564,9,0,0,0,0,B
2012-08-20,9:01:51,7562,200,56526,-100,7562,238,0,0,0,0,7564,1,0,0,0,0,S
2012-08-20,9:01:51,7562,2,56528,0,7562,319,0,0,0,0,7564,1,0,0,0,0,S
2012-08-20,9:01:51,7562,40,56568,0,7562,304,0,0,0,0,7564,3,0,0,0,0,S
2012-08-20,9:01:52,7564,14,56582,-6,7564,3,0,0,0,0,7566,334,0,0,0,0,B
2012-08-20,9:01:52,7562,12,56594,-4,7562,302,0,0,0,0,7564,2,0,0,0,0,S
2012-08-20,9:01:53,7564,10,56604,4,7562,298,0,0,0,0,7564,1,0,0,0,0,B
2012-08-20,9:01:53,7562,2,56606,2,7562,298,0,0,0,0,7564,2,0,0,0,0,S
2012-08-20,9:01:53,7562,20,56626,6,7562,304,0,0,0,0,7564,1,0,0,0,0,S
2012-08-20,9:01:53,7562,20,56646,4,7562,317,0,0,0,0,7564,223,0,0,0,0,S
2012-08-20,9:01:54,7562,82,56728,-58,7562,310,0,0,0,0,7564,192,0,0,0,0,S
2012-08-20,9:01:54,7562,378,57106,-2,7562,206,0,0,0,0,7564,107,0,0,0,0,S
2012-08-20,9:01:54,7564,48,57154,42,7562,186,0,0,0,0,7564,104,0,0,0,0,B
2012-08-20,9:01:54,7564,36,57190,20,7562,174,0,0,0,0,7564,148,0,0,0,0,B
2012-08-20,9:01:55,7562,4,57194,0,7562,173,0,0,0,0,7564,149,0,0,0,0,S
2012-08-20,9:01:55,7564,2,57196,0,7562,173,0,0,0,0,7564,172,0,0,0,0,B
2012-08-20,9:01:55,7562,28,57224,-18,7562,177,0,0,0,0,7564,173,0,0,0,0,S
2012-08-20,9:01:56,7562,8,57232,-6,7562,176,0,0,0,0,7564,191,0,0,0,0,S
2012-08-20,9:01:56,7562,72,57304,-60,7562,175,0,0,0,0,7564,159,0,0,0,0,S
2012-08-20,9:01:56,7564,8,57312,0,7562,181,0,0,0,0,7564,215,0,0,0,0,B
2012-08-20,9:01:57,7564,18,57330,4,7562,175,0,0,0,0,7564,219,0,0,0,0,B
2012-08-20,9:01:57,7562,142,57472,60,7562,116,0,0,0,0,7564,238,0,0,0,0,S
2012-08-20,9:01:57,7564,2,57474,-2,7562,116,0,0,0,0,7564,237,0,0,0,0,B
2012-08-20,9:01:57,7564,102,57576,-78,7562,71,0,0,0,0,7564,263,0,0,0,0,B
2012-08-20,9:01:58,7562,172,57748,98,7560,810,0,0,0,0,7562,7,0,0,0,0,S
2012-08-20,9:01:59,7562,6,57754,0,7560,810,0,0,0,0,7562,5,0,0,0,0,B
2012-08-20,9:01:59,7560,2,57756,0,7560,809,0,0,0,0,7562,9,0,0,0,0,S
2012-08-20,9:01:59,7560,118,57874,36,7560,755,0,0,0,0,7562,12,0,0,0,0,S
2012-08-20,9:02:00,7562,6,57880,-4,7560,755,0,0,0,0,7562,11,0,0,0,0,B
2012-08-20,9:02:00,7562,6,57886,0,7560,755,0,0,0,0,7562,30,0,0,0,0,B
2012-08-20,9:02:00,7562,4,57890,4,7560,765,0,0,0,0,7562,34,0,0,0,0,B
2012-08-20,9:02:01,7562,40,57930,12,7560,767,0,0,0,0,7562,14,0,0,0,0,B
2012-08-20,9:02:01,7560,104,58034,84,7560,737,0,0,0,0,7562,53,0,0,0,0,S
2012-08-20,9:02:01,7560,16,58050,16,7560,732,0,0,0,0,7562,75,0,0,0,0,S
2012-08-20,9:02:02,7562,60,58110,48,7560,735,0,0,0,0,7562,111,0,0,0,0,B
2012-08-20,9:02:02,7562,20,58130,0,7560,736,0,0,0,0,7562,156,0,0,0,0,B
2012-08-20,9:02:03,7562,8,58138,8,7560,736,0,0,0,0,7562,235,0,0,0,0,B
2012-08-20,9:02:03,7562,160,58298,2,7560,734,0,0,0,0,7562,157,0,0,0,0,B
2012-08-20,9:02:03,7560,4,58302,0,7560,732,0,0,0,0,7562,167,0,0,0,0,S
2012-08-20,9:02:03,7560,56,58358,22,7560,710,0,0,0,0,7562,161,0,0,0,0,S
2012-08-20,9:02:04,7562,10,58368,10,7560,710,0,0,0,0,7562,158,0,0,0,0,B
2012-08-20,9:02:04,7562,22,58390,-8,7560,727,0,0,0,0,7562,160,0,0,0,0,B
2012-08-20,9:02:04,7560,78,58468,38,7560,743,0,0,0,0,7562,126,0,0,0,0,S
2012-08-20,9:02:04,7562,14,58482,-4,7560,730,0,0,0,0,7562,125,0,0,0,0,B
2012-08-20,9:02:05,7562,46,58528,2,7560,711,0,0,0,0,7562,123,0,0,0,0,B
2012-08-20,9:02:05,7560,68,58596,38,7560,679,0,0,0,0,7562,131,0,0,0,0,S
2012-08-20,9:02:05,7560,10,58606,-4,7560,676,0,0,0,0,7562,135,0,0,0,0,S
2012-08-20,9:02:06,7562,242,58848,176,7560,558,0,0,0,0,7562,135,0,0,0,0,B
2012-08-20,9:02:06,7560,430,59278,80,7560,343,0,0,0,0,7562,157,0,0,0,0,S
2012-08-20,9:02:07,7560,166,59444,0,7560,270,0,0,0,0,7562,125,0,0,0,0,S
2012-08-20,9:02:07,7560,576,60020,166,7558,683,0,0,0,0,7560,189,0,0,0,0,S
2012-08-20,9:02:08,7558,50,60070,12,7558,679,0,0,0,0,7560,243,0,0,0,0,S
2012-08-20,9:02:08,7560,112,60182,0,7558,675,0,0,0,0,7560,208,0,0,0,0,B
2012-08-20,9:02:09,7560,352,60534,-332,7558,510,0,0,0,0,7560,519,0,0,0,0,B
2012-08-20,9:02:09,7558,162,60696,-104,7558,436,0,0,0,0,7560,647,0,0,0,0,S
2012-08-20,9:02:09,7558,32,60728,0,7558,420,0,0,0,0,7560,648,0,0,0,0,S
2012-08-20,9:02:10,7558,4,60732,0,7558,418,0,0,0,0,7560,628,0,0,0,0,S
2012-08-20,9:02:10,7560,92,60824,-46,7558,388,0,0,0,0,7560,626,0,0,0,0,B
2012-08-20,9:02:10,7558,246,61070,-4,7558,276,0,0,0,0,7560,616,0,0,0,0,S
2012-08-20,9:02:11,7558,4,61074,-4,7558,299,0,0,0,0,7560,616,0,0,0,0,S
2012-08-20,9:02:11,7560,116,61190,12,7558,257,0,0,0,0,7560,620,0,0,0,0,B
2012-08-20,9:02:12,7558,76,61266,14,7558,247,0,0,0,0,7560,593,0,0,0,0,S
2012-08-20,9:02:12,7558,26,61292,4,7558,237,0,0,0,0,7560,589,0,0,0,0,S
2012-08-20,9:02:12,7558,68,61360,44,7558,212,0,0,0,0,7560,598,0,0,0,0,S
2012-08-20,9:02:13,7560,4,61364,2,7558,211,0,0,0,0,7560,597,0,0,0,0,B
2012-08-20,9:02:13,7560,52,61416,4,7558,255,0,0,0,0,7560,604,0,0,0,0,B
2012-08-20,9:02:13,7558,62,61478,28,7558,225,0,0,0,0,7560,603,0,0,0,0,S
2012-08-20,9:02:13,7560,178,61656,172,7558,147,0,0,0,0,7560,604,0,0,0,0,B
2012-08-20,9:02:14,7558,280,61936,-88,7558,143,0,0,0,0,7560,504,0,0,0,0,S
2012-08-20,9:02:14,7558,40,61976,4,7558,146,0,0,0,0,7560,491,0,0,0,0,S
2012-08-20,9:02:14,7560,234,62210,36,7558,187,0,0,0,0,7560,391,0,0,0,0,B
2012-08-20,9:02:15,7560,66,62276,-6,7558,288,0,0,0,0,7560,387,0,0,0,0,B
2012-08-20,9:02:15,7558,226,62502,-14,7558,186,0,0,0,0,7560,388,0,0,0,0,S
2012-08-20,9:02:16,7560,826,63328,-734,7560,29,0,0,0,0,7562,78,0,0,0,0,B
2012-08-20,9:02:16,7562,284,63612,-48,7562,26,0,0,0,0,7564,290,0,0,0,0,B
2012-08-20,9:02:17,7560,280,63892,-8,7560,162,0,0,0,0,7564,289,0,0,0,0,S
2012-08-20,9:02:17,7560,202,64094,14,7560,114,0,0,0,0,7562,7,0,0,0,0,S
2012-08-20,9:02:18,7560,34,64128,28,7560,102,0,0,0,0,7562,18,0,0,0,0,S
2012-08-20,9:02:18,7560,104,64232,30,7560,50,0,0,0,0,7562,18,0,0,0,0,S
2012-08-20,9:02:19,7562,10,64242,2,7560,82,0,0,0,0,7562,17,0,0,0,0,B
2012-08-20,9:02:19,7560,62,64304,16,7560,53,0,0,0,0,7562,14,0,0,0,0,S
2012-08-20,9:02:19,7562,88,64392,30,7560,21,0,0,0,0,7562,53,0,0,0,0,B
2012-08-20,9:02:19,7560,2010,66402,1080,7560,21,0,0,0,0,7562,51,0,0,0,0,S
2012-08-20,9:02:20,7560,62,66464,18,7560,83,0,0,0,0,7562,102,0,0,0,0,S
2012-08-20,9:02:20,7560,4,66468,0,7560,81,0,0,0,0,7562,104,0,0,0,0,S
2012-08-20,9:02:21,7560,42,66510,-6,7560,71,0,0,0,0,7562,116,0,0,0,0,S
2012-08-20,9:02:21,7562,22,66532,2,7560,61,0,0,0,0,7562,166,0,0,0,0,B
2012-08-20,9:02:21,7560,20,66552,-10,7560,225,0,0,0,0,7562,185,0,0,0,0,S
2012-08-20,9:02:21,7560,16,66568,4,7560,219,0,0,0,0,7562,183,0,0,0,0,S
2012-08-20,9:02:22,7562,24,66592,-6,7560,215,0,0,0,0,7562,114,0,0,0,0,B
2012-08-20,9:02:22,7560,4,66596,0,7560,213,0,0,0,0,7562,114,0,0,0,0,S
2012-08-20,9:02:22,7560,66,66662,6,7560,10,0,0,0,0,7562,114,0,0,0,0,S
2012-08-20,9:02:22,7560,26,66688,22,7558,153,0,0,0,0,7560,76,0,0,0,0,S
2012-08-20,9:02:23,7560,92,66780,92,7558,153,0,0,0,0,7560,38,0,0,0,0,B
2012-08-20,9:02:23,7560,4,66784,4,7558,153,0,0,0,0,7560,70,0,0,0,0,B
2012-08-20,9:02:24,7560,16,66800,4,7558,143,0,0,0,0,7560,100,0,0,0,0,B
2012-08-20,9:02:24,7558,2,66802,0,7558,142,0,0,0,0,7560,100,0,0,0,0,S
2012-08-20,9:02:24,7558,166,66968,112,7558,33,0,0,0,0,7560,96,0,0,0,0,S
2012-08-20,9:02:24,7558,22,66990,0,7558,23,0,0,0,0,7560,96,0,0,0,0,S
2012-08-20,9:02:25,7556,170,67160,120,7556,329,0,0,0,0,7558,183,0,0,0,0,S
2012-08-20,9:02:25,7558,10,67170,10,7556,327,0,0,0,0,7558,292,0,0,0,0,B
2012-08-20,9:02:25,7556,10,67180,6,7556,325,0,0,0,0,7558,312,0,0,0,0,S
2012-08-20,9:02:25,7558,10,67190,10,7556,325,0,0,0,0,7558,307,0,0,0,0,B
2012-08-20,9:02:26,7558,620,67810,342,7556,111,0,0,0,0,7558,211,0,0,0,0,B
2012-08-20,9:02:26,7556,100,67910,2,7556,61,0,0,0,0,7558,211,0,0,0,0,S
2012-08-20,9:02:27,7556,122,68032,14,7554,49,0,0,0,0,7556,44,0,0,0,0,S
2012-08-20,9:02:27,7554,124,68156,-40,7552,124,0,0,0,0,7554,178,0,0,0,0,S
2012-08-20,9:02:28,7560,1544,69700,-384,7560,273,0,0,0,0,7562,146,0,0,0,0,B
2012-08-20,9:02:28,7560,326,70026,-62,7560,110,0,0,0,0,7562,146,0,0,0,0,S
2012-08-20,9:02:29,7552,246,70272,22,7552,1,0,0,0,0,7558,1,0,0,0,0,S
2012-08-20,9:02:30,7552,2,70274,2,7552,38,0,0,0,0,7558,90,0,0,0,0,S
2012-08-20,9:02:30,7556,644,70918,0,7556,49,0,0,0,0,7558,22,0,0,0,0,B
2012-08-20,9:02:30,7556,110,71028,-96,7554,89,0,0,0,0,7556,89,0,0,0,0,S
2012-08-20,9:02:31,7556,6,71034,-2,7554,189,0,0,0,0,7556,92,0,0,0,0,B
2012-08-20,9:02:31,7556,192,71226,4,7556,11,0,0,0,0,7558,20,0,0,0,0,B
2012-08-20,9:02:32,7558,2,71228,2,7556,13,0,0,0,0,7558,19,0,0,0,0,B
2012-08-20,9:02:32,7556,154,71382,36,7556,84,0,0,0,0,7560,43,0,0,0,0,S
2012-08-20,9:02:33,7558,22,71404,-4,7558,83,0,0,0,0,7560,46,0,0,0,0,B
2012-08-20,9:02:33,7558,2,71406,0,7558,82,0,0,0,0,7560,46,0,0,0,0,S
2012-08-20,9:02:33,7558,88,71494,-24,7558,58,0,0,0,0,7560,28,0,0,0,0,S
2012-08-20,9:02:34,7558,30,71524,-30,7558,45,0,0,0,0,7560,28,0,0,0,0,S
2012-08-20,9:02:34,7558,66,71590,-2,7558,14,0,0,0,0,7560,27,0,0,0,0,S
2012-08-20,9:02:34,7558,16,71606,-12,7558,6,0,0,0,0,7560,27,0,0,0,0,S
2012-08-20,9:02:35,7558,10,71616,0,7558,1,0,0,0,0,7560,29,0,0,0,0,S
2012-08-20,9:02:35,7558,2,71618,0,7556,203,0,0,0,0,7560,30,0,0,0,0,S
2012-08-20,9:02:35,7556,2,71620,-2,7556,233,0,0,0,0,7560,33,0,0,0,0,S
2012-08-20,9:02:35,7558,34,71654,-28,7556,223,0,0,0,0,7558,4,0,0,0,0,B
2012-08-20,9:02:36,7556,30,71684,14,7556,208,0,0,0,0,7558,4,0,0,0,0,S
2012-08-20,9:02:36,7556,68,71752,2,7556,175,0,0,0,0,7558,10,0,0,0,0,S
2012-08-20,9:02:37,7558,50,71802,4,7556,160,0,0,0,0,7558,7,0,0,0,0,B
2012-08-20,9:02:37,7558,8,71810,4,7556,159,0,0,0,0,7558,9,0,0,0,0,B
2012-08-20,9:02:38,7558,128,71938,-12,7558,30,0,0,0,0,7560,254,0,0,0,0,B
2012-08-20,9:02:39,7560,94,72032,-66,7558,1,0,0,0,0,7560,257,0,0,0,0,B
2012-08-20,9:02:39,7558,2,72034,0,7558,3,0,0,0,0,7560,257,0,0,0,0,S
2012-08-20,9:02:39,7556,70,72104,2,7556,6,0,0,0,0,7558,295,0,0,0,0,S
2012-08-20,9:02:40,7558,26,72130,6,7556,8,0,0,0,0,7558,289,0,0,0,0,B
2012-08-20,9:02:41,7556,40,72170,4,7556,13,0,0,0,0,7558,283,0,0,0,0,S
2012-08-20,9:02:41,7558,12,72182,10,7556,6,0,0,0,0,7558,294,0,0,0,0,B
2012-08-20,9:02:41,7556,2,72184,2,7556,5,0,0,0,0,7558,294,0,0,0,0,S
2012-08-20,9:02:42,7556,74,72258,10,7556,30,0,0,0,0,7558,283,0,0,0,0,S
2012-08-20,9:02:42,7556,82,72340,0,7554,57,0,0,0,0,7556,12,0,0,0,0,S
2012-08-20,9:02:42,7556,6,72346,2,7554,57,0,0,0,0,7556,10,0,0,0,0,B
2012-08-20,9:02:43,7554,16,72362,16,7554,59,0,0,0,0,7556,126,0,0,0,0,S
2012-08-20,9:02:44,7554,140,72502,90,7552,147,0,0,0,0,7554,7,0,0,0,0,S
2012-08-20,9:02:44,7554,2,72504,0,7552,147,0,0,0,0,7554,91,0,0,0,0,B
2012-08-20,9:02:45,7554,10,72514,8,7552,127,0,0,0,0,7554,107,0,0,0,0,B
2012-08-20,9:02:45,7554,8,72522,2,7552,126,0,0,0,0,7554,110,0,0,0,0,B
2012-08-20,9:02:45,7554,178,72700,126,7552,40,0,0,0,0,7554,107,0,0,0,0,B
2012-08-20,9:02:46,7552,64,72764,36,7552,9,0,0,0,0,7554,122,0,0,0,0,S
2012-08-20,9:02:47,7552,24,72788,16,7550,697,0,0,0,0,7552,27,0,0,0,0,S
2012-08-20,9:02:47,7552,2,72790,0,7550,697,0,0,0,0,7552,32,0,0,0,0,B
2012-08-20,9:02:47,7552,68,72858,64,7550,697,0,0,0,0,7552,210,0,0,0,0,B
2012-08-20,9:02:47,7552,2,72860,-2,7550,697,0,0,0,0,7552,209,0,0,0,0,B
2012-08-20,9:02:48,7552,40,72900,8,7550,683,0,0,0,0,7552,209,0,0,0,0,B
2012-08-20,9:02:48,7550,174,73074,108,7550,597,0,0,0,0,7552,207,0,0,0,0,S
2012-08-20,9:02:49,7550,366,73440,-304,7550,586,0,0,0,0,7552,188,0,0,0,0,S
2012-08-20,9:02:49,7550,122,73562,-46,7550,538,0,0,0,0,7552,194,0,0,0,0,S
2012-08-20,9:02:49,7552,6,73568,-2,7550,536,0,0,0,0,7552,193,0,0,0,0,B
2012-08-20,9:02:50,7550,1080,74648,-66,7548,194,0,0,0,0,7550,300,0,0,0,0,S
2012-08-20,9:02:50,7550,60,74708,42,7548,191,0,0,0,0,7550,1241,0,0,0,0,B
2012-08-20,9:02:51,7546,744,75452,556,7546,69,0,0,0,0,7548,61,0,0,0,0,S
2012-08-20,9:02:52,7546,334,75786,302,7546,13,0,0,0,0,7548,208,0,0,0,0,S
2012-08-20,9:02:52,7544,86,75872,-6,7544,570,0,0,0,0,7546,96,0,0,0,0,S
2012-08-20,9:02:52,7544,12,75884,2,7544,565,0,0,0,0,7546,116,0,0,0,0,S
2012-08-20,9:02:53,7544,162,76046,-136,7544,485,0,0,0,0,7546,315,0,0,0,0,S
2012-08-20,9:02:53,7544,102,76148,-38,7544,445,0,0,0,0,7546,351,0,0,0,0,S
2012-08-20,9:02:54,7544,14,76162,-10,7544,438,0,0,0,0,7546,352,0,0,0,0,S
2012-08-20,9:02:54,7544,816,76978,-100,7544,40,0,0,0,0,7546,419,0,0,0,0,S
2012-08-20,9:02:54,7544,62,77040,14,7544,14,0,0,0,0,7546,411,0,0,0,0,S
2012-08-20,9:02:55,7542,414,77454,34,7542,377,0,0,0,0,7544,75,0,0,0,0,S
2012-08-20,9:02:55,7542,126,77580,-16,7542,329,0,0,0,0,7544,199,0,0,0,0,S
2012-08-20,9:02:55,7542,58,77638,-14,7542,321,0,0,0,0,7544,210,0,0,0,0,S
2012-08-20,9:02:56,7542,198,77836,-26,7542,222,0,0,0,0,7544,234,0,0,0,0,S
2012-08-20,9:02:56,7542,16,77852,-4,7542,216,0,0,0,0,7544,234,0,0,0,0,S
2012-08-20,9:02:56,7542,120,77972,4,7542,185,0,0,0,0,7544,205,0,0,0,0,S
2012-08-20,9:02:57,7544,78,78050,-4,7542,147,0,0,0,0,7544,205,0,0,0,0,B
2012-08-20,9:02:57,7542,186,78236,-14,7542,231,0,0,0,0,7544,186,0,0,0,0,S
2012-08-20,9:02:57,7542,6,78242,4,7542,236,0,0,0,0,7544,196,0,0,0,0,S
2012-08-20,9:02:57,7542,548,78790,116,7542,361,0,0,0,0,7544,3,0,0,0,0,S
2012-08-20,9:02:58,7544,12,78802,10,7544,48,0,0,0,0,7546,390,0,0,0,0,B
2012-08-20,9:02:58,7544,634,79436,8,7544,391,0,0,0,0,7546,229,0,0,0,0,S
2012-08-20,9:02:59,7548,758,80194,-18,7546,36,0,0,0,0,7548,235,0,0,0,0,B
2012-08-20,9:02:59,7546,10,80204,4,7546,31,0,0,0,0,7548,235,0,0,0,0,S
2012-08-20,9:03:00,7546,118,80322,66,7546,88,0,0,0,0,7548,223,0,0,0,0,S
2012-08-20,9:03:00,7546,18,80340,-2,7546,95,0,0,0,0,7548,222,0,0,0,0,S
2012-08-20,9:03:00,7546,34,80374,-8,7546,351,0,0,0,0,7548,222,0,0,0,0,S
2012-08-20,9:03:00,7546,22,80396,0,7546,340,0,0,0,0,7548,222,0,0,0,0,S
2012-08-20,9:03:01,7548,68,80464,-34,7546,304,0,0,0,0,7548,218,0,0,0,0,B
2012-08-20,9:03:01,7548,254,80718,-6,7546,286,0,0,0,0,7548,110,0,0,0,0,B
2012-08-20,9:03:01,7546,68,80786,18,7546,199,0,0,0,0,7548,93,0,0,0,0,S
2012-08-20,9:03:01,7548,26,80812,2,7546,198,0,0,0,0,7548,81,0,0,0,0,B
2012-08-20,9:03:02,7548,124,80936,4,7546,210,0,0,0,0,7548,64,0,0,0,0,B
2012-08-20,9:03:02,7546,534,81470,44,7544,163,0,0,0,0,7546,35,0,0,0,0,S
2012-08-20,9:03:02,7546,32,81502,26,7544,174,0,0,0,0,7546,34,0,0,0,0,B
2012-08-20,9:03:03,7546,80,81582,76,7546,21,0,0,0,0,7548,138,0,0,0,0,B
2012-08-20,9:03:03,7546,64,81646,-18,7546,100,0,0,0,0,7548,129,0,0,0,0,S
2012-08-20,9:03:03,7548,48,81694,8,7546,89,0,0,0,0,7548,116,0,0,0,0,B
2012-08-20,9:03:04,7548,260,81954,-182,7548,173,0,0,0,0,7550,296,0,0,0,0,B
2012-08-20,9:03:04,7548,226,82180,-200,7548,62,0,0,0,0,7550,278,0,0,0,0,S
2012-08-20,9:03:04,7548,50,82230,-18,7548,43,0,0,0,0,7550,324,0,0,0,0,S
2012-08-20,9:03:04,7550,18,82248,0,7548,40,0,0,0,0,7550,319,0,0,0,0,B
2012-08-20,9:03:05,7546,94,82342,8,7546,152,0,0,0,0,7548,58,0,0,0,0,S
2012-08-20,9:03:05,7550,142,82484,140,7548,101,0,0,0,0,7550,316,0,0,0,0,B
2012-08-20,9:03:05,7548,16,82500,4,7548,103,0,0,0,0,7550,317,0,0,0,0,S
2012-08-20,9:03:05,7548,12,82512,12,7548,98,0,0,0,0,7550,317,0,0,0,0,S
2012-08-20,9:03:06,7548,8,82520,0,7548,94,0,0,0,0,7550,317,0,0,0,0,S
2012-08-20,9:03:06,7548,14,82534,10,7548,143,0,0,0,0,7550,316,0,0,0,0,S
2012-08-20,9:03:06,7548,238,82772,84,7548,23,0,0,0,0,7550,317,0,0,0,0,S
2012-08-20,9:03:07,7548,24,82796,4,7548,102,0,0,0,0,7550,312,0,0,0,0,S
2012-08-20,9:03:07,7548,8,82804,-8,7548,98,0,0,0,0,7550,312,0,0,0,0,S
2012-08-20,9:03:08,7550,176,82980,86,7548,48,0,0,0,0,7550,269,0,0,0,0,B
2012-08-20,9:03:08,7550,170,83150,134,7548,41,0,0,0,0,7550,198,0,0,0,0,B
2012-08-20,9:03:08,7548,60,83210,6,7548,33,0,0,0,0,7550,195,0,0,0,0,S
2012-08-20,9:03:09,7548,6,83216,-6,7548,30,0,0,0,0,7550,198,0,0,0,0,S
2012-08-20,9:03:09,7548,284,83500,126,7546,358,0,0,0,0,7548,19,0,0,0,0,S
2012-08-20,9:03:09,7548,18,83518,-2,7546,378,0,0,0,0,7548,33,0,0,0,0,B
2012-08-20,9:03:10,7548,32,83550,6,7546,379,0,0,0,0,7548,17,0,0,0,0,B
2012-08-20,9:03:10,7548,28,83578,-26,7546,369,0,0,0,0,7548,14,0,0,0,0,B
2012-08-20,9:03:11,7550,206,83784,146,7548,2,0,0,0,0,7550,29,0,0,0,0,B
2012-08-20,9:03:11,7548,12,83796,2,7546,370,0,0,0,0,7548,202,0,0,0,0,S
2012-08-20,9:03:11,7546,248,84044,230,7546,363,0,0,0,0,7548,99,0,0,0,0,S
2012-08-20,9:03:12,7546,14,84058,-2,7546,459,0,0,0,0,7548,200,0,0,0,0,S
2012-08-20,9:03:12,7546,14,84072,2,7546,453,0,0,0,0,7548,213,0,0,0,0,S
2012-08-20,9:03:12,7546,22,84094,-6,7546,447,0,0,0,0,7548,253,0,0,0,0,S
2012-08-20,9:03:12,7548,60,84154,60,7546,447,0,0,0,0,7548,233,0,0,0,0,B
2012-08-20,9:03:13,7548,30,84184,0,7546,436,0,0,0,0,7548,232,0,0,0,0,B
2012-08-20,9:03:13,7548,94,84278,88,7546,436,0,0,0,0,7548,190,0,0,0,0,B
2012-08-20,9:03:14,7546,10,84288,6,7546,435,0,0,0,0,7548,274,0,0,0,0,S
2012-08-20,9:03:14,7546,70,84358,32,7546,432,0,0,0,0,7548,245,0,0,0,0,S
2012-08-20,9:03:14,7546,64,84422,-8,7546,402,0,0,0,0,7548,245,0,0,0,0,S
2012-08-20,9:03:14,7548,30,84452,22,7546,402,0,0,0,0,7548,234,0,0,0,0,B
2012-08-20,9:03:15,7546,162,84614,68,7546,322,0,0,0,0,7548,233,0,0,0,0,S
2012-08-20,9:03:15,7546,218,84832,8,7546,230,0,0,0,0,7548,228,0,0,0,0,S
2012-08-20,9:03:15,7548,4,84836,2,7546,240,0,0,0,0,7548,242,0,0,0,0,B
2012-08-20,9:03:15,7548,228,85064,60,7546,187,0,0,0,0,7548,184,0,0,0,0,B
2012-08-20,9:03:16,7548,48,85112,10,7546,168,0,0,0,0,7548,181,0,0,0,0,B
2012-08-20,9:03:16,7548,52,85164,36,7546,156,0,0,0,0,7548,172,0,0,0,0,B
2012-08-20,9:03:16,7548,20,85184,16,7546,159,0,0,0,0,7548,169,0,0,0,0,B
2012-08-20,9:03:16,7544,336,85520,318,7544,234,0,0,0,0,7546,11,0,0,0,0,S
2012-08-20,9:03:17,7548,36,85556,-8,7546,4,0,0,0,0,7548,167,0,0,0,0,B
2012-08-20,9:03:18,7546,62,85618,-24,7544,233,0,0,0,0,7546,47,0,0,0,0,S
2012-08-20,9:03:18,7546,10,85628,0,7544,289,0,0,0,0,7546,92,0,0,0,0,B
2012-08-20,9:03:18,7544,14,85642,2,7544,288,0,0,0,0,7546,86,0,0,0,0,S
2012-08-20,9:03:18,7546,24,85666,14,7544,301,0,0,0,0,7546,111,0,0,0,0,B
2012-08-20,9:03:19,7544,18,85684,16,7544,305,0,0,0,0,7546,109,0,0,0,0,S
2012-08-20,9:03:19,7544,2,85686,2,7544,251,0,0,0,0,7546,114,0,0,0,0,S
2012-08-20,9:03:19,7544,258,85944,58,7544,124,0,0,0,0,7546,150,0,0,0,0,S
2012-08-20,9:03:19,7546,172,86116,118,7544,42,0,0,0,0,7546,147,0,0,0,0,B
2012-08-20,9:03:20,7544,88,86204,-22,7542,137,0,0,0,0,7544,157,0,0,0,0,S
2012-08-20,9:03:20,7544,20,86224,-10,7542,137,0,0,0,0,7544,447,0,0,0,0,B
2012-08-20,9:03:20,7542,6,86230,-4,7542,139,0,0,0,0,7544,513,0,0,0,0,S
2012-08-20,9:03:21,7540,388,86618,128,7540,828,0,0,0,0,7542,5,0,0,0,0,S
2012-08-20,9:03:21,7540,118,86736,-102,7540,769,0,0,0,0,7542,146,0,0,0,0,S
2012-08-20,9:03:22,7540,172,86908,46,7540,759,0,0,0,0,7542,413,0,0,0,0,S
2012-08-20,9:03:22,7542,68,86976,42,7540,748,0,0,0,0,7542,403,0,0,0,0,B
2012-08-20,9:03:22,7540,256,87232,-140,7540,632,0,0,0,0,7542,395,0,0,0,0,S
2012-08-20,9:03:22,7540,204,87436,-58,7540,536,0,0,0,0,7542,401,0,0,0,0,S
2012-08-20,9:03:23,7540,76,87512,-56,7540,500,0,0,0,0,7542,414,0,0,0,0,S
2012-08-20,9:03:23,7540,304,87816,-222,7540,349,0,0,0,0,7542,413,0,0,0,0,S
2012-08-20,9:03:24,7540,702,88518,-108,7538,53,0,0,0,0,7540,15,0,0,0,0,S
2012-08-20,9:03:24,7542,50,88568,14,7538,47,0,0,0,0,7542,9,0,0,0,0,B
2012-08-20,9:03:24,7540,64,88632,6,7538,25,0,0,0,0,7540,216,0,0,0,0,S
2012-08-20,9:03:24,7538,46,88678,-8,7538,5,0,0,0,0,7540,242,0,0,0,0,S
2012-08-20,9:03:25,7538,572,89250,434,7536,104,0,0,0,0,7538,18,0,0,0,0,S
2012-08-20,9:03:25,7536,6,89256,0,7536,101,0,0,0,0,7538,26,0,0,0,0,S
2012-08-20,9:03:25,7538,308,89564,22,7534,19,0,0,0,0,7538,148,0,0,0,0,B
2012-08-20,9:03:26,7536,42,89606,6,7534,14,0,0,0,0,7536,38,0,0,0,0,S
2012-08-20,9:03:26,7534,68,89674,60,7532,59,0,0,0,0,7534,66,0,0,0,0,S
2012-08-20,9:03:26,7532,602,90276,302,7532,73,0,0,0,0,7536,254,0,0,0,0,S
2012-08-20,9:03:27,7532,184,90460,14,7530,155,0,0,0,0,7532,38,0,0,0,0,S
2012-08-20,9:03:27,7534,80,90540,-46,7532,94,0,0,0,0,7534,2,0,0,0,0,B
2012-08-20,9:03:28,7530,338,90878,-66,7530,142,0,0,0,0,7532,23,0,0,0,0,S
2012-08-20,9:03:28,7532,232,91110,82,7530,175,0,0,0,0,7532,7,0,0,0,0,B
2012-08-20,9:03:28,7530,16,91126,-4,7530,175,0,0,0,0,7532,40,0,0,0,0,S
2012-08-20,9:03:29,7530,122,91248,12,7530,143,0,0,0,0,7532,219,0,0,0,0,S
2012-08-20,9:03:29,7530,234,91482,-48,7530,76,0,0,0,0,7532,214,0,0,0,0,S
2012-08-20,9:03:30,7530,182,91664,0,7528,37,0,0,0,0,7532,211,0,0,0,0,S
2012-08-20,9:03:30,7528,46,91710,18,7528,22,0,0,0,0,7530,76,0,0,0,0,S
2012-08-20,9:03:30,7530,222,91932,-4,7528,20,0,0,0,0,7530,140,0,0,0,0,B
2012-08-20,9:03:31,7528,16,91948,-10,7528,24,0,0,0,0,7530,149,0,0,0,0,S
2012-08-20,9:03:31,7532,816,92764,-246,7526,123,0,0,0,0,7532,2,0,0,0,0,B
2012-08-20,9:03:31,7528,42,92806,2,7526,179,0,0,0,0,7528,74,0,0,0,0,S
2012-08-20,9:03:32,7530,256,93062,-14,7530,8,0,0,0,0,7532,46,0,0,0,0,B
2012-08-20,9:03:32,7530,290,93352,-56,7528,299,0,0,0,0,7532,45,0,0,0,0,S
2012-08-20,9:03:33,7528,442,93794,22,7528,114,0,0,0,0,7532,43,0,0,0,0,S
2012-08-20,9:03:33,7532,198,93992,2,7532,31,0,0,0,0,7534,27,0,0,0,0,B
2012-08-20,9:03:33,7532,16,94008,2,7532,23,0,0,0,0,7534,27,0,0,0,0,S
2012-08-20,9:03:33,7532,118,94126,42,7532,49,0,0,0,0,7534,20,0,0,0,0,S
2012-08-20,9:03:34,7532,32,94158,20,7532,51,0,0,0,0,7534,18,0,0,0,0,S
2012-08-20,9:03:34,7532,364,94522,-28,7532,88,0,0,0,0,7536,214,0,0,0,0,S
2012-08-20,9:03:34,7532,206,94728,206,7532,11,0,0,0,0,7536,216,0,0,0,0,S
2012-08-20,9:03:34,7532,122,94850,-24,7530,142,0,0,0,0,7532,4,0,0,0,0,S
2012-08-20,9:03:35,7530,88,94938,0,7530,131,0,0,0,0,7532,24,0,0,0,0,S
2012-08-20,9:03:35,7530,44,94982,30,7530,161,0,0,0,0,7532,51,0,0,0,0,S
2012-08-20,9:03:36,7532,170,95152,134,7532,39,0,0,0,0,7534,52,0,0,0,0,B
2012-08-20,9:03:36,7530,198,95350,48,7530,151,0,0,0,0,7532,1,0,0,0,0,S
2012-08-20,9:03:36,7530,202,95552,-20,7530,103,0,0,0,0,7534,84,0,0,0,0,S
2012-08-20,9:03:37,7532,152,95704,48,7532,17,0,0,0,0,7534,64,0,0,0,0,B
2012-08-20,9:03:37,7532,90,95794,2,7532,10,0,0,0,0,7534,70,0,0,0,0,S
2012-08-20,9:03:38,7534,256,96050,90,7532,143,0,0,0,0,7534,99,0,0,0,0,B
2012-08-20,9:03:38,7534,4,96054,0,7532,145,0,0,0,0,7534,98,0,0,0,0,B
2012-08-20,9:03:38,7532,174,96228,142,7532,67,0,0,0,0,7534,88,0,0,0,0,S
2012-08-20,9:03:38,7532,12,96240,-2,7532,66,0,0,0,0,7534,85,0,0,0,0,S
2012-08-20,9:03:39,7532,58,96298,4,7532,167,0,0,0,0,7534,82,0,0,0,0,S
2012-08-20,9:03:39,7534,188,96486,100,7532,91,0,0,0,0,7534,74,0,0,0,0,B
2012-08-20,9:03:39,7534,158,96644,72,7534,21,0,0,0,0,7536,110,0,0,0,0,B
2012-08-20,9:03:40,7534,70,96714,46,7534,13,0,0,0,0,7536,101,0,0,0,0,S
2012-08-20,9:03:41,7534,44,96758,20,7534,43,0,0,0,0,7536,106,0,0,0,0,S
2012-08-20,9:03:41,7534,22,96780,8,7534,32,0,0,0,0,7536,106,0,0,0,0,S
2012-08-20,9:03:41,7536,110,96890,-8,7534,43,0,0,0,0,7536,93,0,0,0,0,B
2012-08-20,9:03:41,7536,24,96914,0,7534,32,0,0,0,0,7536,94,0,0,0,0,B
2012-08-20,9:03:42,7532,86,97000,10,7532,136,0,0,0,0,7534,27,0,0,0,0,S
2012-08-20,9:03:42,7536,86,97086,-34,7532,137,0,0,0,0,7536,1,0,0,0,0,B
2012-08-20,9:03:42,7536,130,97216,48,7532,134,0,0,0,0,7536,21,0,0,0,0,B
2012-08-20,9:03:42,7534,16,97232,6,7532,159,0,0,0,0,7534,19,0,0,0,0,S
2012-08-20,9:03:43,7534,60,97292,14,7532,156,0,0,0,0,7534,15,0,0,0,0,B
2012-08-20,9:03:43,7532,100,97392,10,7532,190,0,0,0,0,7534,24,0,0,0,0,S
2012-08-20,9:03:44,7532,58,97450,26,7532,183,0,0,0,0,7534,5,0,0,0,0,S
2012-08-20,9:03:44,7534,36,97486,6,7534,6,0,0,0,0,7536,24,0,0,0,0,B
2012-08-20,9:03:44,7532,106,97592,-2,7532,226,0,0,0,0,7536,22,0,0,0,0,S
2012-08-20,9:03:44,7536,6,97598,4,7534,1,0,0,0,0,7536,21,0,0,0,0,B
2012-08-20,9:03:45,7530,470,98068,-8,7530,238,0,0,0,0,7532,187,0,0,0,0,S
2012-08-20,9:03:45,7532,280,98348,64,7530,244,0,0,0,0,7532,159,0,0,0,0,B
2012-08-20,9:03:46,7532,582,98930,126,7530,72,0,0,0,0,7532,135,0,0,0,0,B
2012-08-20,9:03:46,7532,34,98964,18,7530,66,0,0,0,0,7532,127,0,0,0,0,B
2012-08-20,9:03:46,7530,264,99228,156,7528,203,0,0,0,0,7530,58,0,0,0,0,S
2012-08-20,9:03:47,7528,126,99354,-18,7528,151,0,0,0,0,7530,69,0,0,0,0,S
2012-08-20,9:03:47,7530,2,99356,0,7528,151,0,0,0,0,7530,70,0,0,0,0,B
2012-08-20,9:03:48,7530,132,99488,92,7528,115,0,0,0,0,7530,61,0,0,0,0,B
2012-08-20,9:03:48,7530,2,99490,0,7528,115,0,0,0,0,7530,61,0,0,0,0,B
2012-08-20,9:03:48,7530,144,99634,38,7530,88,0,0,0,0,7532,126,0,0,0,0,B
2012-08-20,9:03:48,7530,46,99680,0,7530,112,0,0,0,0,7532,106,0,0,0,0,S
2012-08-20,9:03:49,7532,500,100180,-2,7530,188,0,0,0,0,7532,4,0,0,0,0,B
2012-08-20,9:03:50,7534,188,100368,90,7534,243,0,0,0,0,7536,82,0,0,0,0,B
2012-08-20,9:03:50,7534,4,100372,4,7534,241,0,0,0,0,7536,82,0,0,0,0,S
2012-08-20,9:03:50,7534,86,100458,86,7534,314,0,0,0,0,7536,82,0,0,0,0,S
2012-08-20,9:03:50,7534,56,100514,8,7534,301,0,0,0,0,7536,68,0,0,0,0,S
2012-08-20,9:03:51,7536,70,100584,24,7534,291,0,0,0,0,7536,104,0,0,0,0,B
2012-08-20,9:03:51,7536,16,100600,-6,7534,288,0,0,0,0,7536,99,0,0,0,0,B
2012-08-20,9:03:52,7534,218,100818,16,7534,269,0,0,0,0,7536,9,0,0,0,0,S
2012-08-20,9:03:52,7534,76,100894,70,7534,1,0,0,0,0,7536,13,0,0,0,0,S
2012-08-20,9:03:52,7532,32,100926,30,7532,120,0,0,0,0,7534,22,0,0,0,0,S
2012-08-20,9:03:52,7534,8,100934,-4,7532,279,0,0,0,0,7534,180,0,0,0,0,B
2012-08-20,9:03:53,7532,80,101014,14,7532,240,0,0,0,0,7534,184,0,0,0,0,S
2012-08-20,9:03:53,7534,32,101046,-16,7532,190,0,0,0,0,7534,216,0,0,0,0,B
2012-08-20,9:03:53,7532,8,101054,-4,7532,189,0,0,0,0,7534,219,0,0,0,0,S
2012-08-20,9:03:53,7534,12,101066,0,7532,215,0,0,0,0,7534,238,0,0,0,0,B
2012-08-20,9:03:54,7532,4,101070,0,7532,213,0,0,0,0,7534,229,0,0,0,0,S
2012-08-20,9:03:54,7532,166,101236,40,7532,194,0,0,0,0,7534,136,0,0,0,0,S
2012-08-20,9:03:54,7532,28,101264,0,7532,828,0,0,0,0,7534,126,0,0,0,0,S
2012-08-20,9:03:55,7534,160,101424,16,7532,785,0,0,0,0,7534,99,0,0,0,0,B
2012-08-20,9:03:55,7532,56,101480,34,7532,767,0,0,0,0,7534,94,0,0,0,0,S
2012-08-20,9:03:55,7534,234,101714,58,7534,270,0,0,0,0,7536,25,0,0,0,0,B
2012-08-20,9:03:56,7534,26,101740,-6,7534,285,0,0,0,0,7536,17,0,0,0,0,S
2012-08-20,9:03:56,7534,258,101998,-28,7534,287,0,0,0,0,7536,110,0,0,0,0,S
2012-08-20,9:03:56,7534,2,102000,2,7534,317,0,0,0,0,7536,110,0,0,0,0,S
2012-08-20,9:03:57,7534,238,102238,-4,7534,257,0,0,0,0,7536,79,0,0,0,0,S
2012-08-20,9:03:57,7534,44,102282,44,7534,237,0,0,0,0,7536,80,0,0,0,0,S
2012-08-20,9:03:57,7534,2,102284,0,7534,240,0,0,0,0,7536,80,0,0,0,0,S
2012-08-20,9:03:58,7534,32,102316,-8,7534,239,0,0,0,0,7536,70,0,0,0,0,S
2012-08-20,9:03:58,7534,14,102330,14,7534,232,0,0,0,0,7536,80,0,0,0,0,S
2012-08-20,9:03:59,7534,138,102468,-48,7534,164,0,0,0,0,7536,199,0,0,0,0,S
2012-08-20,9:03:59,7534,154,102622,-16,7532,786,0,0,0,0,7534,1,0,0,0,0,S
2012-08-20,9:03:59,7536,64,102686,-60,7532,786,0,0,0,0,7536,183,0,0,0,0,B
2012-08-20,9:04:00,7532,270,102956,-234,7532,669,0,0,0,0,7534,5,0,0,0,0,S
2012-08-20,9:04:00,7534,8,102964,8,7532,669,0,0,0,0,7534,7,0,0,0,0,B
2012-08-20,9:04:00,7536,120,103084,10,7532,649,0,0,0,0,7536,114,0,0,0,0,B
2012-08-20,9:04:00,7532,8,103092,0,7532,645,0,0,0,0,7536,115,0,0,0,0,S
2012-08-20,9:04:01,7534,20,103112,-4,7532,694,0,0,0,0,7534,111,0,0,0,0,B
2012-08-20,9:04:01,7534,14,103126,-8,7532,690,0,0,0,0,7534,115,0,0,0,0,B
2012-08-20,9:04:01,7532,82,103208,-24,7532,681,0,0,0,0,7534,88,0,0,0,0,S
2012-08-20,9:04:02,7534,48,103256,-2,7532,666,0,0,0,0,7534,79,0,0,0,0,B
2012-08-20,9:04:02,7534,28,103284,-16,7532,661,0,0,0,0,7534,70,0,0,0,0,B
2012-08-20,9:04:02,7534,24,103308,-10,7532,656,0,0,0,0,7534,69,0,0,0,0,B
2012-08-20,9:04:03,7532,74,103382,-70,7532,648,0,0,0,0,7534,49,0,0,0,0,S
2012-08-20,9:04:03,7534,36,103418,-32,7532,633,0,0,0,0,7534,147,0,0,0,0,B
2012-08-20,9:04:03,7534,128,103546,-28,7532,623,0,0,0,0,7534,116,0,0,0,0,B
2012-08-20,9:04:04,7534,334,103880,108,7532,625,0,0,0,0,7534,54,0,0,0,0,B
2012-08-20,9:04:04,7534,60,103940,-52,7532,637,0,0,0,0,7534,29,0,0,0,0,B
2012-08-20,9:04:05,7534,78,104018,-40,7532,612,0,0,0,0,7534,22,0,0,0,0,B
2012-08-20,9:04:05,7534,20,104038,0,7532,612,0,0,0,0,7534,12,0,0,0,0,B
2012-08-20,9:04:06,7534,48,104086,34,7534,6,0,0,0,0,7536,175,0,0,0,0,B
2012-08-20,9:04:06,7536,12,104098,2,7534,6,0,0,0,0,7536,169,0,0,0,0,B
2012-08-20,9:04:06,7536,174,104272,-6,7534,14,0,0,0,0,7536,168,0,0,0,0,B
2012-08-20,9:04:07,7536,34,104306,18,7534,34,0,0,0,0,7536,164,0,0,0,0,B
2012-08-20,9:04:07,7534,80,104386,38,7534,46,0,0,0,0,7536,156,0,0,0,0,S
2012-08-20,9:04:08,7534,120,104506,94,7532,663,0,0,0,0,7534,275,0,0,0,0,S
2012-08-20,9:04:09,7534,138,104644,14,7532,666,0,0,0,0,7534,222,0,0,0,0,B
2012-08-20,9:04:09,7532,82,104726,-78,7532,676,0,0,0,0,7534,221,0,0,0,0,S
2012-08-20,9:04:09,7534,28,104754,24,7532,677,0,0,0,0,7534,206,0,0,0,0,B
2012-08-20,9:04:09,7534,8,104762,6,7532,677,0,0,0,0,7534,202,0,0,0,0,B
2012-08-20,9:04:10,7532,118,104880,54,7532,704,0,0,0,0,7534,175,0,0,0,0,S
2012-08-20,9:04:11,7532,156,105036,32,7532,683,0,0,0,0,7534,130,0,0,0,0,S
2012-08-20,9:04:11,7534,22,105058,2,7532,678,0,0,0,0,7534,129,0,0,0,0,B
2012-08-20,9:04:11,7534,22,105080,14,7532,678,0,0,0,0,7534,136,0,0,0,0,B
2012-08-20,9:04:12,7534,28,105108,20,7532,680,0,0,0,0,7534,134,0,0,0,0,B
2012-08-20,9:04:12,7534,14,105122,10,7532,681,0,0,0,0,7534,127,0,0,0,0,B
2012-08-20,9:04:12,7534,30,105152,6,7532,679,0,0,0,0,7534,122,0,0,0,0,B
2012-08-20,9:04:12,7534,16,105168,2,7532,674,0,0,0,0,7534,120,0,0,0,0,B
2012-08-20,9:04:13,7532,10,105178,4,7532,671,0,0,0,0,7534,142,0,0,0,0,S
2012-08-20,9:04:13,7532,40,105218,-36,7532,654,0,0,0,0,7534,151,0,0,0,0,S
2012-08-20,9:04:13,7532,10,105228,0,7532,652,0,0,0,0,7534,152,0,0,0,0,S
2012-08-20,9:04:14,7534,52,105280,8,7532,753,0,0,0,0,7534,276,0,0,0,0,B
2012-08-20,9:04:14,7534,194,105474,108,7532,742,0,0,0,0,7534,215,0,0,0,0,B
2012-08-20,9:04:15,7532,50,105524,4,7532,722,0,0,0,0,7534,216,0,0,0,0,S
2012-08-20,9:04:15,7534,20,105544,-6,7532,729,0,0,0,0,7534,209,0,0,0,0,B
2012-08-20,9:04:15,7532,396,105940,-362,7532,541,0,0,0,0,7534,200,0,0,0,0,S
2012-08-20,9:04:15,7532,4,105944,-2,7532,550,0,0,0,0,7534,203,0,0,0,0,S
2012-08-20,9:04:16,7534,10,105954,4,7532,551,0,0,0,0,7534,199,0,0,0,0,B
2012-08-20,9:04:16,7534,214,106168,-98,7532,448,0,0,0,0,7534,202,0,0,0,0,B
2012-08-20,9:04:16,7534,28,106196,2,7532,454,0,0,0,0,7534,192,0,0,0,0,B
2012-08-20,9:04:16,7532,540,106736,54,7532,206,0,0,0,0,7534,171,0,0,0,0,S
2012-08-20,9:04:17,7532,154,106890,-6,7532,137,0,0,0,0,7534,175,0,0,0,0,S
2012-08-20,9:04:17,7532,294,107184,158,7530,358,0,0,0,0,7532,111,0,0,0,0,S
2012-08-20,9:04:18,7530,54,107238,0,7530,338,0,0,0,0,7532,109,0,0,0,0,S
2012-08-20,9:04:18,7532,100,107338,0,7530,335,0,0,0,0,7532,197,0,0,0,0,B
2012-08-20,9:04:18,7532,38,107376,4,7530,336,0,0,0,0,7532,321,0,0,0,0,B
2012-08-20,9:04:18,7530,114,107490,94,7530,284,0,0,0,0,7532,372,0,0,0,0,S
2012-08-20,9:04:19,7530,350,107840,300,7530,110,0,0,0,0,7532,375,0,0,0,0,S
2012-08-20,9:04:19,7528,734,108574,14,7528,148,0,0,0,0,7530,198,0,0,0,0,S
2012-08-20,9:04:20,7530,156,108730,96,7528,104,0,0,0,0,7530,184,0,0,0,0,B
2012-08-20,9:04:21,7528,336,109066,-4,7526,139,0,0,0,0,7528,138,0,0,0,0,S
2012-08-20,9:04:21,7528,6,109072,-6,7526,139,0,0,0,0,7528,135,0,0,0,0,B
2012-08-20,9:04:21,7528,42,109114,-2,7526,137,0,0,0,0,7528,139,0,0,0,0,B
2012-08-20,9:04:21,7528,10,109124,0,7526,137,0,0,0,0,7528,134,0,0,0,0,B
2012-08-20,9:04:21,7526,136,109260,40,7526,94,0,0,0,0,7528,118,0,0,0,0,S
2012-08-20,9:04:22,7528,30,109290,10,7526,164,0,0,0,0,7528,26,0,0,0,0,B
2012-08-20,9:04:22,7526,14,109304,0,7526,159,0,0,0,0,7528,79,0,0,0,0,S
2012-08-20,9:04:23,7528,354,109658,146,7528,29,0,0,0,0,7530,141,0,0,0,0,B
2012-08-20,9:04:23,7526,122,109780,52,7526,54,0,0,0,0,7530,18,0,0,0,0,S
2012-08-20,9:04:23,7526,42,109822,-4,7526,118,0,0,0,0,7530,22,0,0,0,0,S
2012-08-20,9:04:24,7526,272,110094,104,7524,95,0,0,0,0,7526,323,0,0,0,0,S
2012-08-20,9:04:24,7526,10,110104,4,7524,125,0,0,0,0,7526,319,0,0,0,0,B
2012-08-20,9:04:24,7524,116,110220,106,7524,118,0,0,0,0,7526,280,0,0,0,0,S
2012-08-20,9:04:25,7526,268,110488,66,7524,26,0,0,0,0,7526,262,0,0,0,0,B
2012-08-20,9:04:25,7524,70,110558,56,7522,85,0,0,0,0,7524,396,0,0,0,0,S
2012-08-20,9:04:26,7520,652,111210,236,7520,100,0,0,0,0,7524,399,0,0,0,0,S
2012-08-20,9:04:26,7520,168,111378,118,7520,17,0,0,0,0,7522,1,0,0,0,0,S
2012-08-20,9:04:26,7520,132,111510,88,7518,184,0,0,0,0,7520,40,0,0,0,0,S
2012-08-20,9:04:27,7516,432,111942,-240,7516,340,0,0,0,0,7518,435,0,0,0,0,S
2012-08-20,9:04:27,7516,482,112424,56,7516,272,0,0,0,0,7518,270,0,0,0,0,S
2012-08-20,9:04:28,7516,114,112538,66,7516,247,0,0,0,0,7518,269,0,0,0,0,S
2012-08-20,9:04:28,7516,198,112736,104,7516,161,0,0,0,0,7518,272,0,0,0,0,S
2012-08-20,9:04:28,7516,484,113220,16,7514,25,0,0,0,0,7516,11,0,0,0,0,S
2012-08-20,9:04:28,7516,62,113282,0,7514,25,0,0,0,0,7516,5,0,0,0,0,B
2012-08-20,9:04:29,7518,176,113458,6,7514,4,0,0,0,0,7518,265,0,0,0,0,B
2012-08-20,9:04:29,7512,210,113668,-96,7512,258,0,0,0,0,7514,180,0,0,0,0,S
2012-08-20,9:04:30,7512,52,113720,-26,7512,260,0,0,0,0,7514,180,0,0,0,0,S
2012-08-20,9:04:30,7512,338,114058,-226,7512,273,0,0,0,0,7514,53,0,0,0,0,S
2012-08-20,9:04:30,7516,190,114248,-108,7514,107,0,0,0,0,7516,80,0,0,0,0,B
2012-08-20,9:04:31,7514,280,114528,-190,7514,111,0,0,0,0,7516,100,0,0,0,0,S
2012-08-20,9:04:31,7514,260,114788,114,7514,222,0,0,0,0,7516,90,0,0,0,0,S
2012-08-20,9:04:32,7516,48,114836,24,7514,279,0,0,0,0,7516,88,0,0,0,0,B
2012-08-20,9:04:32,7518,378,115214,252,7516,39,0,0,0,0,7518,215,0,0,0,0,B
2012-08-20,9:04:32,7516,62,115276,-6,7516,93,0,0,0,0,7518,212,0,0,0,0,S
2012-08-20,9:04:34,7518,222,115498,62,7516,304,0,0,0,0,7518,192,0,0,0,0,B
2012-08-20,9:04:34,7516,944,116442,106,7516,257,0,0,0,0,7520,98,0,0,0,0,S
2012-08-20,9:04:34,7516,74,116516,6,7516,33,0,0,0,0,7520,95,0,0,0,0,S
2012-08-20,9:04:34,7520,82,116598,56,7518,23,0,0,0,0,7520,65,0,0,0,0,B
2012-08-20,9:04:35,7520,192,116790,-22,7520,19,0,0,0,0,7522,9,0,0,0,0,B
2012-08-20,9:04:35,7518,642,117432,438,7516,242,0,0,0,0,7518,204,0,0,0,0,S
2012-08-20,9:04:36,7516,92,117524,6,7516,230,0,0,0,0,7518,278,0,0,0,0,S
2012-08-20,9:04:36,7516,120,117644,92,7516,187,0,0,0,0,7518,264,0,0,0,0,S
2012-08-20,9:04:37,7518,140,117784,76,7516,142,0,0,0,0,7518,142,0,0,0,0,B
2012-08-20,9:04:37,7516,16,117800,10,7516,132,0,0,0,0,7518,139,0,0,0,0,S
2012-08-20,9:04:37,7518,22,117822,20,7516,131,0,0,0,0,7518,130,0,0,0,0,B
2012-08-20,9:04:37,7516,222,118044,8,7516,28,0,0,0,0,7518,122,0,0,0,0,S
2012-08-20,9:04:38,7516,180,118224,152,7514,251,0,0,0,0,7516,37,0,0,0,0,S
2012-08-20,9:04:38,7516,36,118260,12,7514,241,0,0,0,0,7516,29,0,0,0,0,B
2012-08-20,9:04:38,7514,190,118450,70,7514,155,0,0,0,0,7516,23,0,0,0,0,S
2012-08-20,9:04:39,7518,82,118532,20,7516,3,0,0,0,0,7518,76,0,0,0,0,B
2012-08-20,9:04:39,7516,140,118672,86,7514,148,0,0,0,0,7516,9,0,0,0,0,S
2012-08-20,9:04:40,7514,66,118738,20,7514,128,0,0,0,0,7516,21,0,0,0,0,S
2012-08-20,9:04:40,7516,238,118976,-60,7516,6,0,0,0,0,7520,104,0,0,0,0,B
2012-08-20,9:04:40,7516,76,119052,28,7516,51,0,0,0,0,7520,48,0,0,0,0,S
2012-08-20,9:04:41,7518,24,119076,6,7518,98,0,0,0,0,7520,45,0,0,0,0,B
2012-08-20,9:04:41,7518,52,119128,6,7518,91,0,0,0,0,7520,41,0,0,0,0,S
2012-08-20,9:04:41,7518,8,119136,4,7518,88,0,0,0,0,7520,41,0,0,0,0,S
2012-08-20,9:04:41,7518,74,119210,30,7518,52,0,0,0,0,7520,40,0,0,0,0,S
2012-08-20,9:04:42,7520,34,119244,0,7518,49,0,0,0,0,7520,26,0,0,0,0,B
2012-08-20,9:04:42,7518,38,119282,18,7518,104,0,0,0,0,7520,19,0,0,0,0,S
2012-08-20,9:04:43,7518,14,119296,4,7518,104,0,0,0,0,7520,15,0,0,0,0,S
2012-08-20,9:04:43,7520,22,119318,22,7518,109,0,0,0,0,7520,5,0,0,0,0,B
2012-08-20,9:04:43,7520,44,119362,44,7518,102,0,0,0,0,7520,5,0,0,0,0,B
2012-08-20,9:04:44,7518,250,119612,30,7516,316,0,0,0,0,7518,77,0,0,0,0,S
2012-08-20,9:04:44,7518,98,119710,48,7516,318,0,0,0,0,7518,54,0,0,0,0,B
2012-08-20,9:04:44,7518,94,119804,6,7516,319,0,0,0,0,7518,98,0,0,0,0,B
2012-08-20,9:04:44,7516,68,119872,26,7516,312,0,0,0,0,7518,85,0,0,0,0,S
2012-08-20,9:04:45,7520,296,120168,138,7516,186,0,0,0,0,7520,12,0,0,0,0,B
2012-08-20,9:04:45,7520,58,120226,16,7518,8,0,0,0,0,7520,49,0,0,0,0,B
2012-08-20,9:04:46,7520,82,120308,10,7518,3,0,0,0,0,7520,158,0,0,0,0,B
2012-08-20,9:04:46,7518,34,120342,-4,7518,4,0,0,0,0,7520,156,0,0,0,0,S
2012-08-20,9:04:46,7518,184,120526,26,7518,3,0,0,0,0,7520,150,0,0,0,0,S
2012-08-20,9:04:47,7518,12,120538,2,7516,152,0,0,0,0,7518,52,0,0,0,0,S
2012-08-20,9:04:47,7518,46,120584,2,7516,141,0,0,0,0,7518,47,0,0,0,0,B
2012-08-20,9:04:47,7516,22,120606,20,7516,130,0,0,0,0,7518,47,0,0,0,0,S
2012-08-20,9:04:48,7518,110,120716,-8,7516,130,0,0,0,0,7518,21,0,0,0,0,B
2012-08-20,9:04:48,7516,10,120726,8,7516,129,0,0,0,0,7518,41,0,0,0,0,S
2012-08-20,9:04:48,7518,102,120828,42,7516,123,0,0,0,0,7518,24,0,0,0,0,B
2012-08-20,9:04:49,7516,12,120840,10,7516,176,0,0,0,0,7518,21,0,0,0,0,S
2012-08-20,9:04:49,7518,16,120856,12,7516,178,0,0,0,0,7518,16,0,0,0,0,B
2012-08-20,9:04:49,7518,12,120868,10,7516,187,0,0,0,0,7518,11,0,0,0,0,B
2012-08-20,9:04:49,7518,46,120914,0,7518,1,0,0,0,0,7520,178,0,0,0,0,B
2012-08-20,9:04:50,7516,406,121320,260,7514,310,0,0,0,0,7516,49,0,0,0,0,S
2012-08-20,9:04:50,7514,12,121332,2,7514,308,0,0,0,0,7516,49,0,0,0,0,S
2012-08-20,9:04:50,7514,88,121420,8,7514,281,0,0,0,0,7516,34,0,0,0,0,S
2012-08-20,9:04:51,7520,108,121528,66,7518,99,0,0,0,0,7520,175,0,0,0,0,B
2012-08-20,9:04:51,7518,20,121548,-2,7518,111,0,0,0,0,7520,172,0,0,0,0,S
2012-08-20,9:04:51,7520,632,122180,-212,7516,72,0,0,0,0,7520,60,0,0,0,0,B
2012-08-20,9:04:52,7516,28,122208,16,7516,93,0,0,0,0,7518,2,0,0,0,0,S
2012-08-20,9:04:52,7520,24,122232,6,7518,65,0,0,0,0,7520,118,0,0,0,0,B
2012-08-20,9:04:52,7520,12,122244,-10,7518,65,0,0,0,0,7520,112,0,0,0,0,B
2012-08-20,9:04:53,7518,52,122296,6,7518,95,0,0,0,0,7520,105,0,0,0,0,S
2012-08-20,9:04:53,7520,36,122332,-36,7518,90,0,0,0,0,7520,97,0,0,0,0,B
2012-08-20,9:04:53,7520,26,122358,-8,7518,94,0,0,0,0,7520,93,0,0,0,0,B
2012-08-20,9:04:54,7516,210,122568,122,7516,131,0,0,0,0,7518,26,0,0,0,0,S
2012-08-20,9:04:54,7516,8,122576,8,7516,165,0,0,0,0,7518,25,0,0,0,0,S
2012-08-20,9:04:54,7518,154,122730,20,7516,141,0,0,0,0,7518,99,0,0,0,0,B
2012-08-20,9:04:54,7518,4,122734,0,7516,141,0,0,0,0,7518,104,0,0,0,0,B
2012-08-20,9:04:55,7518,50,122784,-24,7516,143,0,0,0,0,7518,90,0,0,0,0,B
2012-08-20,9:04:55,7518,354,123138,18,7516,50,0,0,0,0,7518,24,0,0,0,0,B
2012-08-20,9:04:56,7518,52,123190,-10,7516,52,0,0,0,0,7518,19,0,0,0,0,B
2012-08-20,9:04:57,7518,138,123328,36,7518,15,0,0,0,0,7520,349,0,0,0,0,B
2012-08-20,9:04:57,7518,92,123420,-2,7516,72,0,0,0,0,7520,354,0,0,0,0,S
2012-08-20,9:04:58,7518,16,123436,16,7518,2,0,0,0,0,7520,366,0,0,0,0,B
2012-08-20,9:04:58,7518,2,123438,0,7518,1,0,0,0,0,7520,366,0,0,0,0,S
2012-08-20,9:04:58,7518,20,123458,2,7516,95,0,0,0,0,7518,14,0,0,0,0,S
2012-08-20,9:04:58,7518,8,123466,0,7516,96,0,0,0,0,7518,10,0,0,0,0,B
2012-08-20,9:04:59,7518,176,123642,72,7516,97,0,0,0,0,7520,320,0,0,0,0,B
2012-08-20,9:04:59,7518,18,123660,2,7516,94,0,0,0,0,7518,7,0,0,0,0,B
2012-08-20,9:05:00,7516,24,123684,-6,7516,94,0,0,0,0,7518,4,0,0,0,0,S
2012-08-20,9:05:00,7518,8,123692,-2,7516,96,0,0,0,0,7518,18,0,0,0,0,B
2012-08-20,9:05:00,7514,434,124126,-100,7514,336,0,0,0,0,7518,148,0,0,0,0,S
2012-08-20,9:05:01,7514,358,124484,54,7514,191,0,0,0,0,7516,1,0,0,0,0,S
2012-08-20,9:05:01,7514,310,124794,-62,7514,45,0,0,0,0,7516,2,0,0,0,0,S
2012-08-20,9:05:02,7514,764,125558,610,7512,82,0,0,0,0,7514,2,0,0,0,0,S
2012-08-20,9:05:02,7516,206,125764,44,7512,73,0,0,0,0,7516,18,0,0,0,0,B
2012-08-20,9:05:02,7516,34,125798,-2,7512,70,0,0,0,0,7516,42,0,0,0,0,B
2012-08-20,9:05:02,7512,156,125954,-20,7510,663,0,0,0,0,7512,63,0,0,0,0,S
2012-08-20,9:05:03,7510,28,125982,20,7510,651,0,0,0,0,7512,76,0,0,0,0,S
2012-08-20,9:05:03,7510,1024,127006,26,7510,164,0,0,0,0,7512,70,0,0,0,0,S
2012-08-20,9:05:04,7510,408,127414,98,7508,147,0,0,0,0,7510,90,0,0,0,0,S
2012-08-20,9:05:04,7508,172,127586,2,7508,64,0,0,0,0,7510,241,0,0,0,0,S
2012-08-20,9:05:04,7508,446,128032,372,7506,128,0,0,0,0,7508,175,0,0,0,0,S
2012-08-20,9:05:04,7506,60,128092,40,7506,112,0,0,0,0,7508,173,0,0,0,0,S
2012-08-20,9:05:05,7504,390,128482,-80,7504,77,0,0,0,0,7506,119,0,0,0,0,S
2012-08-20,9:05:05,7502,260,128742,-52,7502,593,0,0,0,0,7504,8,0,0,0,0,S
2012-08-20,9:05:05,7502,206,128948,74,7502,541,0,0,0,0,7504,3,0,0,0,0,S
2012-08-20,9:05:05,7506,314,129262,118,7502,407,0,0,0,0,7506,19,0,0,0,0,B
2012-08-20,9:05:06,7504,226,129488,-6,7504,23,0,0,0,0,7508,241,0,0,0,0,S
2012-08-20,9:05:06,7504,124,129612,44,7504,15,0,0,0,0,7508,240,0,0,0,0,S
2012-08-20,9:05:07,7504,214,129826,10,7504,66,0,0,0,0,7506,10,0,0,0,0,S
2012-08-20,9:05:07,7504,594,130420,-420,7504,129,0,0,0,0,7508,49,0,0,0,0,S
2012-08-20,9:05:07,7506,232,130652,74,7504,45,0,0,0,0,7506,4,0,0,0,0,B
2012-08-20,9:05:07,7504,112,130764,-24,7504,4,0,0,0,0,7508,13,0,0,0,0,S
2012-08-20,9:05:08,7506,52,130816,4,7506,11,0,0,0,0,7508,25,0,0,0,0,B
2012-08-20,9:05:08,7508,54,130870,44,7508,82,0,0,0,0,7510,95,0,0,0,0,B
2012-08-20,9:05:09,7504,288,131158,242,7504,145,0,0,0,0,7506,12,0,0,0,0,S
2012-08-20,9:05:09,7504,78,131236,66,7504,111,0,0,0,0,7506,8,0,0,0,0,S
2012-08-20,9:05:09,7504,110,131346,28,7504,161,0,0,0,0,7506,1,0,0,0,0,S
2012-08-20,9:05:09,7504,90,131436,42,7504,145,0,0,0,0,7510,57,0,0,0,0,S
2012-08-20,9:05:10,7506,180,131616,72,7506,323,0,0,0,0,7508,5,0,0,0,0,B
2012-08-20,9:05:10,7510,72,131688,0,7508,35,0,0,0,0,7510,112,0,0,0,0,B
2012-08-20,9:05:11,7508,370,132058,276,7508,66,0,0,0,0,7510,71,0,0,0,0,S
2012-08-20,9:05:11,7508,230,132288,-26,7508,66,0,0,0,0,7510,71,0,0,0,0,S
2012-08-20,9:05:12,7508,160,132448,-22,7508,126,0,0,0,0,7510,51,0,0,0,0,S
2012-08-20,9:05:12,7508,10,132458,-10,7508,135,0,0,0,0,7510,48,0,0,0,0,S
2012-08-20,9:05:12,7508,82,132540,10,7508,132,0,0,0,0,7510,20,0,0,0,0,S
2012-08-20,9:05:13,7510,10,132550,2,7508,143,0,0,0,0,7510,20,0,0,0,0,B
2012-08-20,9:05:13,7510,92,132642,22,7508,151,0,0,0,0,7510,4,0,0,0,0,B
2012-08-20,9:05:13,7510,64,132706,60,7508,112,0,0,0,0,7510,31,0,0,0,0,B
2012-08-20,9:05:14,7508,202,132908,102,7508,1,0,0,0,0,7512,35,0,0,0,0,S
2012-08-20,9:05:14,7510,4,132912,4,7508,60,0,0,0,0,7510,15,0,0,0,0,B
2012-08-20,9:05:14,7508,168,133080,-18,7506,306,0,0,0,0,7508,65,0,0,0,0,S
2012-08-20,9:05:15,7506,14,133094,-12,7506,306,0,0,0,0,7508,61,0,0,0,0,S
2012-08-20,9:05:15,7508,226,133320,76,7508,5,0,0,0,0,7510,84,0,0,0,0,B
2012-08-20,9:05:16,7508,62,133382,30,7506,198,0,0,0,0,7508,9,0,0,0,0,S
2012-08-20,9:05:16,7508,162,133544,-6,7508,50,0,0,0,0,7510,25,0,0,0,0,B
2012-08-20,9:05:16,7510,40,133584,4,7508,52,0,0,0,0,7510,5,0,0,0,0,B
2012-08-20,9:05:17,7510,98,133682,-52,7508,178,0,0,0,0,7510,15,0,0,0,0,B
2012-08-20,9:05:17,7510,144,133826,38,7508,189,0,0,0,0,7510,19,0,0,0,0,B
2012-08-20,9:05:17,7510,10,133836,10,7508,189,0,0,0,0,7510,14,0,0,0,0,B
2012-08-20,9:05:18,7508,38,133874,28,7508,182,0,0,0,0,7510,158,0,0,0,0,S
2012-08-20,9:05:18,7508,30,133904,0,7508,167,0,0,0,0,7510,158,0,0,0,0,S
2012-08-20,9:05:18,7508,50,133954,14,7508,175,0,0,0,0,7510,181,0,0,0,0,S
2012-08-20,9:05:19,7508,120,134074,68,7508,117,0,0,0,0,7510,181,0,0,0,0,S
2012-08-20,9:05:19,7508,188,134262,-50,7508,77,0,0,0,0,7510,126,0,0,0,0,S
2012-08-20,9:05:19,7508,22,134284,0,7508,76,0,0,0,0,7510,118,0,0,0,0,S
2012-08-20,9:05:19,7508,206,134490,-60,7508,3,0,0,0,0,7510,105,0,0,0,0,S
2012-08-20,9:05:20,7510,2,134492,0,7508,3,0,0,0,0,7510,105,0,0,0,0,B
2012-08-20,9:05:20,7508,60,134552,-32,7506,319,0,0,0,0,7508,159,0,0,0,0,S
2012-08-20,9:05:20,7508,2,134554,0,7506,321,0,0,0,0,7508,158,0,0,0,0,B
2012-08-20,9:05:21,7506,166,134720,58,7506,302,0,0,0,0,7508,112,0,0,0,0,S
2012-08-20,9:05:21,7508,130,134850,0,7506,302,0,0,0,0,7508,103,0,0,0,0,B
2012-08-20,9:05:21,7506,92,134942,-32,7506,290,0,0,0,0,7508,116,0,0,0,0,S
2012-08-20,9:05:22,7508,2,134944,0,7506,290,0,0,0,0,7508,120,0,0,0,0,B
2012-08-20,9:05:22,7508,18,134962,6,7506,302,0,0,0,0,7508,141,0,0,0,0,B
2012-08-20,9:05:22,7506,36,134998,36,7506,291,0,0,0,0,7508,141,0,0,0,0,S
2012-08-20,9:05:22,7508,218,135216,-2,7506,232,0,0,0,0,7508,194,0,0,0,0,B
2012-08-20,9:05:23,7506,6,135222,0,7506,229,0,0,0,0,7508,194,0,0,0,0,S
2012-08-20,9:05:23,7506,46,135268,-18,7506,226,0,0,0,0,7508,257,0,0,0,0,S
2012-08-20,9:05:24,7506,672,135940,10,7506,17,0,0,0,0,7508,143,0,0,0,0,S
2012-08-20,9:05:24,7506,52,135992,42,7504,71,0,0,0,0,7506,34,0,0,0,0,S
2012-08-20,9:05:24,7508,428,136420,220,7506,1,0,0,0,0,7508,63,0,0,0,0,B
2012-08-20,9:05:25,7506,116,136536,8,7504,88,0,0,0,0,7506,53,0,0,0,0,S
2012-08-20,9:05:25,7506,8,136544,4,7504,88,0,0,0,0,7506,61,0,0,0,0,B
2012-08-20,9:05:25,7506,42,136586,40,7504,88,0,0,0,0,7506,53,0,0,0,0,B
2012-08-20,9:05:26,7506,52,136638,34,7504,81,0,0,0,0,7506,132,0,0,0,0,B
2012-08-20,9:05:26,7504,72,136710,48,7504,56,0,0,0,0,7506,220,0,0,0,0,S
2012-08-20,9:05:26,7506,26,136736,26,7504,56,0,0,0,0,7506,207,0,0,0,0,B
2012-08-20,9:05:27,7502,148,136884,102,7502,657,0,0,0,0,7504,38,0,0,0,0,S
2012-08-20,9:05:27,7504,76,136960,70,7504,163,0,0,0,0,7506,210,0,0,0,0,B
2012-08-20,9:05:27,7506,422,137382,8,7502,660,0,0,0,0,7506,6,0,0,0,0,B
2012-08-20,9:05:28,7506,4,137386,0,7502,660,0,0,0,0,7506,4,0,0,0,0,B
2012-08-20,9:05:28,7504,710,138096,86,7504,113,0,0,0,0,7506,166,0,0,0,0,S
2012-08-20,9:05:28,7506,20,138116,20,7504,114,0,0,0,0,7506,159,0,0,0,0,B
2012-08-20,9:05:28,7504,398,138514,398,7502,563,0,0,0,0,7504,62,0,0,0,0,S
2012-08-20,9:05:29,7502,204,138718,104,7502,551,0,0,0,0,7506,132,0,0,0,0,S
2012-08-20,9:05:29,7504,6,138724,6,7502,553,0,0,0,0,7504,9,0,0,0,0,B
2012-08-20,9:05:30,7502,30,138754,18,7502,548,0,0,0,0,7504,5,0,0,0,0,S
2012-08-20,9:05:30,7504,46,138800,14,7502,536,0,0,0,0,7504,30,0,0,0,0,B
2012-08-20,9:05:30,7504,62,138862,-46,7504,34,0,0,0,0,7506,131,0,0,0,0,B
2012-08-20,9:05:30,7504,50,138912,-26,7504,17,0,0,0,0,7506,131,0,0,0,0,S
2012-08-20,9:05:31,7504,36,138948,2,7504,5,0,0,0,0,7506,131,0,0,0,0,S
2012-08-20,9:05:31,7504,106,139054,-56,7502,542,0,0,0,0,7506,130,0,0,0,0,S
2012-08-20,9:05:31,7504,834,139888,210,7504,7,0,0,0,0,7506,14,0,0,0,0,B
2012-08-20,9:05:32,7510,788,140676,-306,7510,105,0,0,0,0,7512,283,0,0,0,0,B
2012-08-20,9:05:32,7510,24,140700,8,7510,94,0,0,0,0,7512,285,0,0,0,0,S
2012-08-20,9:05:33,7504,224,140924,210,7504,56,0,0,0,0,7510,29,0,0,0,0,S
2012-08-20,9:05:33,7504,124,141048,40,7504,28,0,0,0,0,7510,29,0,0,0,0,S
2012-08-20,9:05:33,7510,44,141092,6,7506,11,0,0,0,0,7510,29,0,0,0,0,B
2012-08-20,9:05:33,7506,28,141120,12,7506,28,0,0,0,0,7510,80,0,0,0,0,S
2012-08-20,9:05:34,7506,126,141246,94,7506,202,0,0,0,0,7508,2,0,0,0,0,S
2012-08-20,9:05:34,7510,10,141256,10,7506,201,0,0,0,0,7510,188,0,0,0,0,B
2012-08-20,9:05:34,7510,300,141556,284,7506,182,0,0,0,0,7510,170,0,0,0,0,B
2012-08-20,9:05:35,7508,82,141638,66,7506,157,0,0,0,0,7508,2,0,0,0,0,S
2012-08-20,9:05:35,7506,930,142568,-36,7506,2,0,0,0,0,7508,84,0,0,0,0,S
2012-08-20,9:05:36,7504,30,142598,10,7504,28,0,0,0,0,7506,27,0,0,0,0,S
2012-08-20,9:05:37,7504,142,142740,44,7504,67,0,0,0,0,7506,53,0,0,0,0,S
2012-08-20,9:05:37,7504,286,143026,142,7502,467,0,0,0,0,7504,16,0,0,0,0,S
2012-08-20,9:05:38,7506,54,143080,22,7504,47,0,0,0,0,7506,71,0,0,0,0,B
2012-08-20,9:05:38,7506,24,143104,2,7504,59,0,0,0,0,7506,69,0,0,0,0,B
2012-08-20,9:05:39,7502,268,143372,104,7502,477,0,0,0,0,7504,169,0,0,0,0,S
2012-08-20,9:05:39,7504,2,143374,2,7502,492,0,0,0,0,7504,168,0,0,0,0,B
2012-08-20,9:05:39,7504,18,143392,8,7502,502,0,0,0,0,7504,164,0,0,0,0,B
2012-08-20,9:05:39,7502,128,143520,30,7502,433,0,0,0,0,7504,160,0,0,0,0,S
2012-08-20,9:05:40,7504,22,143542,18,7502,432,0,0,0,0,7504,150,0,0,0,0,B
2012-08-20,9:05:40,7504,64,143606,20,7502,430,0,0,0,0,7504,130,0,0,0,0,B
2012-08-20,9:05:40,7502,834,144440,2,7502,122,0,0,0,0,7504,34,0,0,0,0,S
2012-08-20,9:05:40,7504,10,144450,6,7502,122,0,0,0,0,7504,30,0,0,0,0,B
2012-08-20,9:05:41,7504,30,144480,6,7502,121,0,0,0,0,7504,18,0,0,0,0,B
2012-08-20,9:05:41,7502,270,144750,-130,7500,1018,0,0,0,0,7502,123,0,0,0,0,S
2012-08-20,9:05:42,7502,50,144800,-4,7500,1008,0,0,0,0,7502,109,0,0,0,0,B
2012-08-20,9:05:42,7502,292,145092,38,7500,960,0,0,0,0,7502,75,0,0,0,0,B
2012-08-20,9:05:42,7502,28,145120,-26,7500,960,0,0,0,0,7502,61,0,0,0,0,B
2012-08-20,9:05:43,7502,688,145808,316,7500,837,0,0,0,0,7502,94,0,0,0,0,B
2012-08-20,9:05:43,7500,2,145810,2,7500,836,0,0,0,0,7502,94,0,0,0,0,S
2012-08-20,9:05:43,7502,252,146062,48,7500,847,0,0,0,0,7502,126,0,0,0,0,B
2012-08-20,9:05:44,7500,196,146258,-72,7500,719,0,0,0,0,7502,102,0,0,0,0,S
2012-08-20,9:05:44,7500,226,146484,146,7500,619,0,0,0,0,7502,93,0,0,0,0,S
2012-08-20,9:05:44,7502,134,146618,130,7500,606,0,0,0,0,7502,42,0,0,0,0,B
2012-08-20,9:05:44,7498,1810,148428,1502,7496,241,0,0,0,0,7498,156,0,0,0,0,S
2012-08-20,9:05:45,7496,534,148962,196,7494,14,0,0,0,0,7496,195,0,0,0,0,S
2012-08-20,9:05:45,7496,70,149032,40,7492,28,0,0,0,0,7496,271,0,0,0,0,B
2012-08-20,9:05:46,7492,324,149356,-22,7490,126,0,0,0,0,7492,57,0,0,0,0,S
2012-08-20,9:05:46,7490,778,150134,76,7490,21,0,0,0,0,7492,4,0,0,0,0,S
2012-08-20,9:05:47,7488,90,150224,84,7488,19,0,0,0,0,7494,12,0,0,0,0,S
2012-08-20,9:05:47,7492,556,150780,148,7492,94,0,0,0,0,7494,10,0,0,0,0,B
2012-08-20,9:05:47,7496,804,151584,-166,7488,53,0,0,0,0,7496,166,0,0,0,0,B
2012-08-20,9:05:48,7494,302,151886,22,7492,176,0,0,0,0,7494,6,0,0,0,0,S
2012-08-20,9:05:49,7492,12,151898,0,7492,172,0,0,0,0,7494,5,0,0,0,0,S
2012-08-20,9:05:49,7492,108,152006,40,7492,235,0,0,0,0,7496,151,0,0,0,0,S
2012-08-20,9:05:49,7492,2,152008,2,7492,1,0,0,0,0,7496,151,0,0,0,0,S
2012-08-20,9:05:50,7496,510,152518,74,7494,127,0,0,0,0,7496,79,0,0,0,0,B
2012-08-20,9:05:50,7494,196,152714,114,7494,20,0,0,0,0,7498,105,0,0,0,0,S
2012-08-20,9:05:51,7496,84,152798,56,7496,307,0,0,0,0,7498,85,0,0,0,0,B
2012-08-20,9:05:51,7496,2,152800,2,7496,306,0,0,0,0,7498,85,0,0,0,0,S
2012-08-20,9:05:51,7496,146,152946,22,7496,301,0,0,0,0,7498,44,0,0,0,0,S
2012-08-20,9:05:52,7496,184,153130,124,7496,403,0,0,0,0,7498,11,0,0,0,0,S
2012-08-20,9:05:52,7496,74,153204,72,7496,376,0,0,0,0,7498,1,0,0,0,0,S
2012-08-20,9:05:52,7498,432,153636,100,7498,3,0,0,0,0,7500,443,0,0,0,0,B
2012-08-20,9:05:53,7498,48,153684,14,7498,118,0,0,0,0,7500,494,0,0,0,0,S
2012-08-20,9:05:53,7498,18,153702,14,7498,110,0,0,0,0,7500,494,0,0,0,0,S
2012-08-20,9:05:54,7498,348,154050,24,7498,40,0,0,0,0,7500,358,0,0,0,0,S
2012-08-20,9:05:55,7498,66,154116,-8,7498,98,0,0,0,0,7500,364,0,0,0,0,S
2012-08-20,9:05:55,7500,36,154152,10,7498,97,0,0,0,0,7500,367,0,0,0,0,B
2012-08-20,9:05:55,7500,142,154294,-64,7498,179,0,0,0,0,7500,318,0,0,0,0,B
2012-08-20,9:05:56,7500,700,154994,-244,7498,59,0,0,0,0,7500,129,0,0,0,0,B
2012-08-20,9:05:57,7500,50,155044,2,7498,54,0,0,0,0,7500,124,0,0,0,0,B
2012-08-20,9:05:57,7498,4,155048,0,7498,67,0,0,0,0,7500,146,0,0,0,0,S
2012-08-20,9:05:58,7498,82,155130,6,7498,134,0,0,0,0,7500,178,0,0,0,0,S
2012-08-20,9:05:58,7500,246,155376,98,7498,85,0,0,0,0,7500,100,0,0,0,0,B
2012-08-20,9:05:58,7500,142,155518,-6,7498,36,0,0,0,0,7500,110,0,0,0,0,B
2012-08-20,9:05:59,7500,154,155672,30,7498,6,0,0,0,0,7500,84,0,0,0,0,B
2012-08-20,9:05:59,7500,2,155674,-2,7498,6,0,0,0,0,7500,83,0,0,0,0,B
2012-08-20,9:06:00,7500,188,155862,20,7500,87,0,0,0,0,7502,53,0,0,0,0,B
2012-08-20,9:06:00,7500,158,156020,88,7500,121,0,0,0,0,7502,20,0,0,0,0,S
2012-08-20,9:06:01,7500,86,156106,76,7500,81,0,0,0,0,7502,40,0,0,0,0,S
2012-08-20,9:06:01,7502,188,156294,80,7500,262,0,0,0,0,7502,18,0,0,0,0,B
2012-08-20,9:06:01,7500,54,156348,-14,7500,335,0,0,0,0,7502,22,0,0,0,0,S
2012-08-20,9:06:01,7500,14,156362,0,7500,348,0,0,0,0,7502,28,0,0,0,0,S
2012-08-20,9:06:02,7502,72,156434,2,7502,136,0,0,0,0,7504,22,0,0,0,0,B
2012-08-20,9:06:02,7502,52,156486,32,7502,185,0,0,0,0,7504,9,0,0,0,0,S
2012-08-20,9:06:02,7502,102,156588,100,7502,137,0,0,0,0,7504,9,0,0,0,0,S
2012-08-20,9:06:03,7502,32,156620,0,7502,146,0,0,0,0,7504,6,0,0,0,0,S
2012-08-20,9:06:03,7504,8,156628,8,7502,153,0,0,0,0,7504,2,0,0,0,0,B
2012-08-20,9:06:03,7504,40,156668,4,7502,151,0,0,0,0,7504,3,0,0,0,0,B
2012-08-20,9:06:04,7504,212,156880,144,7502,76,0,0,0,0,7504,38,0,0,0,0,B
2012-08-20,9:06:04,7502,114,156994,12,7502,9,0,0,0,0,7506,128,0,0,0,0,S
2012-08-20,9:06:04,7504,176,157170,-18,7504,61,0,0,0,0,7506,71,0,0,0,0,B
2012-08-20,9:06:05,7504,274,157444,-70,7502,240,0,0,0,0,7504,42,0,0,0,0,S
2012-08-20,9:06:05,7504,230,157674,-76,7502,224,0,0,0,0,7504,21,0,0,0,0,B
2012-08-20,9:06:06,7504,2,157676,-2,7502,224,0,0,0,0,7504,20,0,0,0,0,B
2012-08-20,9:06:06,7506,142,157818,-16,7504,99,0,0,0,0,7506,15,0,0,0,0,B
2012-08-20,9:06:07,7504,256,158074,-108,7502,161,0,0,0,0,7504,20,0,0,0,0,S
2012-08-20,9:06:07,7504,60,158134,22,7504,42,0,0,0,0,7506,19,0,0,0,0,B
2012-08-20,9:06:07,7506,306,158440,34,7504,3,0,0,0,0,7506,44,0,0,0,0,B
2012-08-20,9:06:08,7506,18,158458,-4,7504,352,0,0,0,0,7506,35,0,0,0,0,B
2012-08-20,9:06:08,7504,168,158626,62,7504,336,0,0,0,0,7506,125,0,0,0,0,S
2012-08-20,9:06:08,7506,26,158652,14,7504,351,0,0,0,0,7506,163,0,0,0,0,B
2012-08-20,9:06:09,7504,24,158676,10,7504,361,0,0,0,0,7506,45,0,0,0,0,S
2012-08-20,9:06:09,7506,246,158922,48,7506,6,0,0,0,0,7508,35,0,0,0,0,B
2012-08-20,9:06:09,7508,30,158952,-4,7506,3,0,0,0,0,7508,29,0,0,0,0,B
2012-08-20,9:06:10,7506,12,158964,-6,7506,34,0,0,0,0,7508,30,0,0,0,0,S
2012-08-20,9:06:10,7508,6,158970,0,7506,41,0,0,0,0,7508,43,0,0,0,0,B
2012-08-20,9:06:10,7508,10,158980,0,7506,52,0,0,0,0,7508,40,0,0,0,0,B
2012-08-20,9:06:10,7506,38,159018,-4,7506,62,0,0,0,0,7508,41,0,0,0,0,S
2012-08-20,9:06:11,7508,180,159198,58,7508,121,0,0,0,0,7510,146,0,0,0,0,B
2012-08-20,9:06:12,7508,18,159216,2,7508,125,0,0,0,0,7510,140,0,0,0,0,S
2012-08-20,9:06:12,7508,30,159246,28,7508,118,0,0,0,0,7510,141,0,0,0,0,S
2012-08-20,9:06:12,7508,136,159382,136,7508,54,0,0,0,0,7510,142,0,0,0,0,S
2012-08-20,9:06:12,7508,164,159546,138,7506,134,0,0,0,0,7508,15,0,0,0,0,S
2012-08-20,9:06:13,7510,64,159610,50,7508,4,0,0,0,0,7510,143,0,0,0,0,B
2012-08-20,9:06:13,7508,102,159712,-26,7506,135,0,0,0,0,7508,145,0,0,0,0,S
2012-08-20,9:06:13,7506,354,160066,164,7504,366,0,0,0,0,7506,57,0,0,0,0,S
2012-08-20,9:06:14,7508,152,160218,112,7506,32,0,0,0,0,7508,186,0,0,0,0,B
2012-08-20,9:06:14,7508,32,160250,-24,7506,42,0,0,0,0,7508,239,0,0,0,0,B
2012-08-20,9:06:15,7506,186,160436,-88,7506,34,0,0,0,0,7508,196,0,0,0,0,S
2012-08-20,9:06:15,7508,36,160472,-16,7506,44,0,0,0,0,7508,204,0,0,0,0,B
2012-08-20,9:06:15,7506,310,160782,-64,7506,40,0,0,0,0,7508,53,0,0,0,0,S
2012-08-20,9:06:15,7508,106,160888,66,7506,53,0,0,0,0,7508,62,0,0,0,0,B
2012-08-20,9:06:16,7506,8,160896,0,7506,51,0,0,0,0,7508,73,0,0,0,0,S
2012-08-20,9:06:16,7508,52,160948,-50,7506,59,0,0,0,0,7508,56,0,0,0,0,B
2012-08-20,9:06:16,7508,4,160952,-2,7506,58,0,0,0,0,7508,54,0,0,0,0,B
2012-08-20,9:06:17,7508,54,161006,-6,7506,59,0,0,0,0,7508,30,0,0,0,0,B
2012-08-20,9:06:17,7506,26,161032,-14,7506,63,0,0,0,0,7508,42,0,0,0,0,S
2012-08-20,9:06:17,7508,8,161040,0,7506,62,0,0,0,0,7508,45,0,0,0,0,B
2012-08-20,9:06:18,7506,82,161122,56,7506,125,0,0,0,0,7508,8,0,0,0,0,S
2012-08-20,9:06:18,7508,16,161138,2,7506,125,0,0,0,0,7508,183,0,0,0,0,B
2012-08-20,9:06:19,7508,12,161150,0,7506,129,0,0,0,0,7508,177,0,0,0,0,B
2012-08-20,9:06:19,7508,240,161390,-8,7506,131,0,0,0,0,7508,60,0,0,0,0,B
2012-08-20,9:06:19,7508,130,161520,-112,7508,95,0,0,0,0,7510,180,0,0,0,0,B
2012-08-20,9:06:19,7508,170,161690,170,7508,12,0,0,0,0,7510,191,0,0,0,0,S
2012-08-20,9:06:20,7508,12,161702,12,7508,6,0,0,0,0,7510,191,0,0,0,0,S
2012-08-20,9:06:20,7508,162,161864,54,7508,12,0,0,0,0,7510,172,0,0,0,0,S
2012-08-20,9:06:20,7506,132,161996,30,7506,103,0,0,0,0,7510,171,0,0,0,0,S
2012-08-20,9:06:21,7510,4,162000,0,7508,1,0,0,0,0,7510,169,0,0,0,0,B
2012-08-20,9:06:21,7510,34,162034,12,7508,67,0,0,0,0,7510,156,0,0,0,0,B
2012-08-20,9:06:21,7508,2,162036,2,7508,66,0,0,0,0,7510,156,0,0,0,0,S
2012-08-20,9:06:22,7508,54,162090,30,7508,45,0,0,0,0,7510,155,0,0,0,0,S
2012-08-20,9:06:22,7510,52,162142,50,7508,76,0,0,0,0,7510,154,0,0,0,0,B
2012-08-20,9:06:23,7510,130,162272,-58,7508,26,0,0,0,0,7510,161,0,0,0,0,B
2012-08-20,9:06:23,7508,34,162306,-6,7508,92,0,0,0,0,7510,149,0,0,0,0,S
2012-08-20,9:06:23,7510,2,162308,0,7508,92,0,0,0,0,7510,148,0,0,0,0,B
2012-08-20,9:06:24,7508,70,162378,-18,7508,48,0,0,0,0,7510,137,0,0,0,0,S
2012-08-20,9:06:24,7510,42,162420,-2,7508,60,0,0,0,0,7510,122,0,0,0,0,B
2012-08-20,9:06:25,7508,26,162446,0,7508,106,0,0,0,0,7510,153,0,0,0,0,S
2012-08-20,9:06:25,7510,2,162448,0,7508,106,0,0,0,0,7510,152,0,0,0,0,B
2012-08-20,9:06:25,7510,60,162508,-6,7508,112,0,0,0,0,7510,135,0,0,0,0,B
2012-08-20,9:06:26,7510,42,162550,-18,7508,107,0,0,0,0,7510,134,0,0,0,0,B
2012-08-20,9:06:27,7510,50,162600,-30,7508,106,0,0,0,0,7510,134,0,0,0,0,B
2012-08-20,9:06:27,7510,34,162634,14,7508,55,0,0,0,0,7510,89,0,0,0,0,B
2012-08-20,9:06:27,7510,340,162974,-222,7508,55,0,0,0,0,7510,75,0,0,0,0,B
2012-08-20,9:06:27,7510,76,163050,-46,7508,55,0,0,0,0,7510,37,0,0,0,0,B
2012-08-20,9:06:28,7510,308,163358,-124,7510,102,0,0,0,0,7512,454,0,0,0,0,B
2012-08-20,9:06:28,7510,166,163524,6,7510,456,0,0,0,0,7512,453,0,0,0,0,S
2012-08-20,9:06:28,7510,20,163544,18,7510,558,0,0,0,0,7512,456,0,0,0,0,S
2012-08-20,9:06:29,7510,166,163710,36,7510,483,0,0,0,0,7512,485,0,0,0,0,S
2012-08-20,9:06:29,7512,22,163732,0,7510,483,0,0,0,0,7512,474,0,0,0,0,B
2012-08-20,9:06:29,7512,26,163758,-2,7510,498,0,0,0,0,7512,464,0,0,0,0,B
2012-08-20,9:06:30,7512,20,163778,0,7510,498,0,0,0,0,7512,454,0,0,0,0,B
2012-08-20,9:06:30,7512,420,164198,-38,7510,520,0,0,0,0,7512,274,0,0,0,0,B
2012-08-20,9:06:31,7514,590,164788,-458,7512,178,0,0,0,0,7514,135,0,0,0,0,B
2012-08-20,9:06:31,7514,40,164828,-10,7512,174,0,0,0,0,7514,141,0,0,0,0,B
2012-08-20,9:06:32,7514,14,164842,2,7512,189,0,0,0,0,7514,135,0,0,0,0,B
2012-08-20,9:06:32,7514,42,164884,-10,7512,193,0,0,0,0,7514,129,0,0,0,0,B
2012-08-20,9:06:33,7514,48,164932,-16,7512,186,0,0,0,0,7514,156,0,0,0,0,B
2012-08-20,9:06:33,7514,78,165010,-70,7512,180,0,0,0,0,7514,127,0,0,0,0,B
2012-08-20,9:06:34,7514,318,165328,-128,7514,267,0,0,0,0,7516,232,0,0,0,0,B
2012-08-20,9:06:35,7514,592,165920,8,7514,213,0,0,0,0,7516,243,0,0,0,0,S
2012-08-20,9:06:35,7514,130,166050,30,7514,226,0,0,0,0,7516,218,0,0,0,0,S
2012-08-20,9:06:36,7516,66,166116,-10,7514,211,0,0,0,0,7516,205,0,0,0,0,B
2012-08-20,9:06:37,7516,524,166640,-28,7516,38,0,0,0,0,7518,153,0,0,0,0,B
2012-08-20,9:06:37,7516,22,166662,-2,7516,36,0,0,0,0,7518,152,0,0,0,0,S
2012-08-20,9:06:37,7516,130,166792,-2,7516,42,0,0,0,0,7518,89,0,0,0,0,S
2012-08-20,9:06:37,7518,104,166896,-24,7516,5,0,0,0,0,7518,85,0,0,0,0,B
2012-08-20,9:06:38,7516,30,166926,2,7514,341,0,0,0,0,7516,1,0,0,0,0,S
2012-08-20,9:06:38,7516,8,166934,-8,7514,342,0,0,0,0,7516,2,0,0,0,0,B
2012-08-20,9:06:38,7514,318,167252,-20,7514,207,0,0,0,0,7516,1,0,0,0,0,S
2012-08-20,9:06:39,7516,76,167328,10,7514,207,0,0,0,0,7516,117,0,0,0,0,B
2012-08-20,9:06:40,7516,30,167358,14,7514,170,0,0,0,0,7516,251,0,0,0,0,B
2012-08-20,9:06:40,7514,36,167394,10,7514,162,0,0,0,0,7516,280,0,0,0,0,S
2012-08-20,9:06:40,7512,596,167990,186,7512,6,0,0,0,0,7514,92,0,0,0,0,S
2012-08-20,9:06:41,7514,150,168140,124,7512,4,0,0,0,0,7514,112,0,0,0,0,B
2012-08-20,9:06:42,7514,284,168424,22,7510,545,0,0,0,0,7514,224,0,0,0,0,B
2012-08-20,9:06:42,7510,6,168430,0,7510,542,0,0,0,0,7512,5,0,0,0,0,S
2012-08-20,9:06:42,7514,56,168486,18,7510,542,0,0,0,0,7514,3,0,0,0,0,B
2012-08-20,9:06:42,7514,34,168520,4,7510,541,0,0,0,0,7514,208,0,0,0,0,B
2012-08-20,9:06:43,7510,46,168566,-42,7510,542,0,0,0,0,7514,191,0,0,0,0,S
2012-08-20,9:06:43,7514,46,168612,22,7510,548,0,0,0,0,7514,185,0,0,0,0,B
2012-08-20,9:06:43,7514,40,168652,40,7510,220,0,0,0,0,7514,168,0,0,0,0,B
2012-08-20,9:06:44,7512,98,168750,92,7510,220,0,0,0,0,7512,103,0,0,0,0,S
2012-08-20,9:06:45,7512,156,168906,156,7510,336,0,0,0,0,7512,26,0,0,0,0,B
2012-08-20,9:06:45,7514,72,168978,38,7510,320,0,0,0,0,7514,86,0,0,0,0,B
2012-08-20,9:06:45,7514,126,169104,74,7512,52,0,0,0,0,7514,53,0,0,0,0,B
2012-08-20,9:06:46,7514,66,169170,60,7512,104,0,0,0,0,7514,52,0,0,0,0,B
2012-08-20,9:06:46,7512,66,169236,-60,7512,76,0,0,0,0,7514,53,0,0,0,0,S
2012-08-20,9:06:46,7514,20,169256,14,7512,159,0,0,0,0,7514,117,0,0,0,0,B
2012-08-20,9:06:47,7512,216,169472,-12,7512,99,0,0,0,0,7514,70,0,0,0,0,S
2012-08-20,9:06:48,7512,102,169574,42,7512,395,0,0,0,0,7514,78,0,0,0,0,S
2012-08-20,9:06:48,7514,148,169722,-40,7514,154,0,0,0,0,7516,585,0,0,0,0,B
2012-08-20,9:06:49,7514,22,169744,-10,7514,149,0,0,0,0,7516,586,0,0,0,0,S
2012-08-20,9:06:49,7514,124,169868,-96,7512,405,0,0,0,0,7514,97,0,0,0,0,S
2012-08-20,9:06:50,7512,16,169884,-2,7512,379,0,0,0,0,7514,301,0,0,0,0,S
2012-08-20,9:06:50,7512,34,169918,0,7512,379,0,0,0,0,7514,312,0,0,0,0,S
2012-08-20,9:06:51,7512,90,170008,66,7512,46,0,0,0,0,7514,280,0,0,0,0,S
2012-08-20,9:06:51,7514,2,170010,2,7512,46,0,0,0,0,7514,279,0,0,0,0,B
2012-08-20,9:06:51,7510,124,170134,10,7510,229,0,0,0,0,7512,254,0,0,0,0,S
2012-08-20,9:06:52,7512,8,170142,0,7510,229,0,0,0,0,7512,305,0,0,0,0,B
2012-08-20,9:06:52,7512,2,170144,0,7510,229,0,0,0,0,7512,304,0,0,0,0,B
2012-08-20,9:06:53,7510,36,170180,-26,7510,225,0,0,0,0,7512,293,0,0,0,0,S
2012-08-20,9:06:53,7510,130,170310,-22,7510,168,0,0,0,0,7512,310,0,0,0,0,S
2012-08-20,9:06:54,7510,58,170368,-6,7510,140,0,0,0,0,7512,310,0,0,0,0,S
2012-08-20,9:06:54,7510,4,170372,0,7510,138,0,0,0,0,7512,308,0,0,0,0,S
2012-08-20,9:06:55,7510,40,170412,10,7510,131,0,0,0,0,7512,297,0,0,0,0,S
2012-08-20,9:06:55,7512,162,170574,12,7510,71,0,0,0,0,7512,295,0,0,0,0,B
2012-08-20,9:06:56,7510,50,170624,38,7510,76,0,0,0,0,7512,292,0,0,0,0,S
2012-08-20,9:06:56,7510,136,170760,0,7510,11,0,0,0,0,7512,330,0,0,0,0,S
2012-08-20,9:06:57,7512,180,170940,-76,7508,113,0,0,0,0,7512,128,0,0,0,0,B
2012-08-20,9:06:57,7510,106,171046,-20,7508,181,0,0,0,0,7510,610,0,0,0,0,S
2012-08-20,9:06:57,7510,134,171180,12,7508,181,0,0,0,0,7510,545,0,0,0,0,B
2012-08-20,9:06:58,7510,132,171312,100,7508,87,0,0,0,0,7510,636,0,0,0,0,B
2012-08-20,9:06:59,7508,208,171520,10,7506,523,0,0,0,0,7508,8,0,0,0,0,S
2012-08-20,9:06:59,7506,14,171534,12,7506,522,0,0,0,0,7508,37,0,0,0,0,S
2012-08-20,9:06:59,7508,8,171542,8,7506,521,0,0,0,0,7508,49,0,0,0,0,B
2012-08-20,9:07:00,7508,126,171668,2,7508,116,0,0,0,0,7510,644,0,0,0,0,B
2012-08-20,9:07:00,7508,22,171690,-4,7508,166,0,0,0,0,7510,647,0,0,0,0,S
2012-08-20,9:07:00,7508,30,171720,0,7508,255,0,0,0,0,7510,633,0,0,0,0,S
2012-08-20,9:07:01,7510,16,171736,0,7508,377,0,0,0,0,7510,634,0,0,0,0,B
2012-08-20,9:07:01,7508,4,171740,-4,7508,576,0,0,0,0,7510,608,0,0,0,0,S
2012-08-20,9:07:02,7508,28,171768,-18,7508,620,0,0,0,0,7510,612,0,0,0,0,S
2012-08-20,9:07:02,7510,186,171954,-14,7508,538,0,0,0,0,7510,520,0,0,0,0,B
2012-08-20,9:07:02,7510,138,172092,-118,7508,514,0,0,0,0,7510,468,0,0,0,0,B
2012-08-20,9:07:03,7510,822,172914,-578,7508,495,0,0,0,0,7510,83,0,0,0,0,B
2012-08-20,9:07:03,7510,208,173122,66,7510,323,0,0,0,0,7512,306,0,0,0,0,B
2012-08-20,9:07:04,7510,78,173200,-2,7510,307,0,0,0,0,7512,308,0,0,0,0,S
2012-08-20,9:07:04,7510,2,173202,-2,7510,325,0,0,0,0,7512,317,0,0,0,0,S
2012-08-20,9:07:04,7510,204,173406,80,7510,223,0,0,0,0,7512,317,0,0,0,0,S
2012-08-20,9:07:04,7512,10,173416,0,7510,230,0,0,0,0,7512,312,0,0,0,0,B
2012-08-20,9:07:05,7510,56,173472,-2,7510,306,0,0,0,0,7512,305,0,0,0,0,S
2012-08-20,9:07:05,7510,20,173492,12,7510,215,0,0,0,0,7512,303,0,0,0,0,S
2012-08-20,9:07:06,7510,160,173652,-4,7510,218,0,0,0,0,7512,302,0,0,0,0,S
2012-08-20,9:07:06,7512,626,174278,-424,7512,98,0,0,0,0,7514,214,0,0,0,0,B
2012-08-20,9:07:06,7512,86,174364,-2,7512,60,0,0,0,0,7514,214,0,0,0,0,S
2012-08-20,9:07:06,7512,54,174418,-30,7512,33,0,0,0,0,7514,214,0,0,0,0,S
2012-08-20,9:07:07,7512,80,174498,20,7512,76,0,0,0,0,7514,214,0,0,0,0,S
2012-08-20,9:07:07,7512,2,174500,2,7512,76,0,0,0,0,7514,274,0,0,0,0,S
2012-08-20,9:07:07,7512,8,174508,4,7512,86,0,0,0,0,7514,275,0,0,0,0,S
2012-08-20,9:07:07,7514,154,174662,152,7512,10,0,0,0,0,7514,273,0,0,0,0,B
2012-08-20,9:07:08,7514,30,174692,30,7510,258,0,0,0,0,7514,268,0,0,0,0,B
2012-08-20,9:07:08,7514,2,174694,0,7510,258,0,0,0,0,7514,267,0,0,0,0,B
2012-08-20,9:07:09,7514,4,174698,4,7510,261,0,0,0,0,7514,317,0,0,0,0,B
2012-08-20,9:07:09,7514,30,174728,-10,7510,262,0,0,0,0,7514,42,0,0,0,0,B
2012-08-20,9:07:09,7512,6,174734,0,7510,262,0,0,0,0,7512,54,0,0,0,0,S
2012-08-20,9:07:10,7510,354,175088,54,7510,115,0,0,0,0,7512,44,0,0,0,0,S
2012-08-20,9:07:10,7512,212,175300,94,7510,61,0,0,0,0,7512,86,0,0,0,0,B
2012-08-20,9:07:11,7508,156,175456,100,7508,100,0,0,0,0,7510,174,0,0,0,0,S
2012-08-20,9:07:11,7510,240,175696,28,7508,98,0,0,0,0,7510,80,0,0,0,0,B
2012-08-20,9:07:12,7510,2,175698,2,7508,108,0,0,0,0,7510,79,0,0,0,0,B
2012-08-20,9:07:12,7510,2,175700,2,7508,111,0,0,0,0,7510,78,0,0,0,0,B
2012-08-20,9:07:13,7510,22,175722,4,7508,107,0,0,0,0,7510,72,0,0,0,0,B
2012-08-20,9:07:13,7510,14,175736,14,7508,107,0,0,0,0,7510,65,0,0,0,0,B
2012-08-20,9:07:13,7510,100,175836,94,7510,240,0,0,0,0,7512,209,0,0,0,0,B
2012-08-20,9:07:14,7510,14,175850,4,7510,252,0,0,0,0,7512,211,0,0,0,0,S
2012-08-20,9:07:14,7512,22,175872,4,7510,247,0,0,0,0,7512,210,0,0,0,0,B
2012-08-20,9:07:15,7510,422,176294,406,7510,38,0,0,0,0,7512,150,0,0,0,0,S
2012-08-20,9:07:15,7510,26,176320,6,7510,26,0,0,0,0,7512,150,0,0,0,0,S
2012-08-20,9:07:16,7510,18,176338,2,7510,19,0,0,0,0,7512,115,0,0,0,0,S
2012-08-20,9:07:16,7512,2,176340,0,7510,75,0,0,0,0,7512,114,0,0,0,0,B
2012-08-20,9:07:16,7512,2,176342,0,7510,143,0,0,0,0,7512,113,0,0,0,0,B
2012-08-20,9:07:16,7510,64,176406,4,7510,141,0,0,0,0,7512,83,0,0,0,0,S
2012-08-20,9:07:17,7510,34,176440,-8,7510,215,0,0,0,0,7512,136,0,0,0,0,S
2012-08-20,9:07:17,7510,100,176540,0,7510,175,0,0,0,0,7512,136,0,0,0,0,S
2012-08-20,9:07:17,7512,320,176860,132,7512,335,0,0,0,0,7514,297,0,0,0,0,B
2012-08-20,9:07:18,7514,16,176876,8,7512,352,0,0,0,0,7514,315,0,0,0,0,B
2012-08-20,9:07:19,7512,28,176904,4,7512,390,0,0,0,0,7514,314,0,0,0,0,S
2012-08-20,9:07:20,7512,8,176912,0,7512,388,0,0,0,0,7514,304,0,0,0,0,S
2012-08-20,9:07:20,7512,34,176946,6,7512,386,0,0,0,0,7514,290,0,0,0,0,S
2012-08-20,9:07:21,7514,10,176956,8,7512,383,0,0,0,0,7514,319,0,0,0,0,B
2012-08-20,9:07:21,7514,86,177042,36,7512,381,0,0,0,0,7514,282,0,0,0,0,B
2012-08-20,9:07:22,7514,34,177076,20,7512,407,0,0,0,0,7514,256,0,0,0,0,B
2012-08-20,9:07:22,7512,112,177188,6,7512,402,0,0,0,0,7514,217,0,0,0,0,S
2012-08-20,9:07:23,7514,50,177238,-30,7512,431,0,0,0,0,7514,193,0,0,0,0,B
2012-08-20,9:07:23,7514,8,177246,6,7512,428,0,0,0,0,7514,192,0,0,0,0,B
2012-08-20,9:07:24,7514,8,177254,0,7512,440,0,0,0,0,7514,197,0,0,0,0,B
2012-08-20,9:07:24,7512,4,177258,4,7512,438,0,0,0,0,7514,197,0,0,0,0,S
2012-08-20,9:07:24,7514,82,177340,-8,7512,430,0,0,0,0,7514,172,0,0,0,0,B
2012-08-20,9:07:25,7514,4,177344,4,7512,430,0,0,0,0,7514,171,0,0,0,0,B
2012-08-20,9:07:25,7514,186,177530,-8,7512,419,0,0,0,0,7514,107,0,0,0,0,B
2012-08-20,9:07:25,7514,14,177544,-12,7512,418,0,0,0,0,7514,137,0,0,0,0,B
2012-08-20,9:07:26,7514,8,177552,-6,7512,420,0,0,0,0,7514,133,0,0,0,0,B
2012-08-20,9:07:26,7514,4,177556,0,7512,240,0,0,0,0,7514,133,0,0,0,0,B
2012-08-20,9:07:27,7514,146,177702,52,7512,187,0,0,0,0,7514,113,0,0,0,0,B
2012-08-20,9:07:27,7514,52,177754,-2,7512,191,0,0,0,0,7514,89,0,0,0,0,B
2012-08-20,9:07:27,7514,90,177844,46,7512,193,0,0,0,0,7514,44,0,0,0,0,B
2012-08-20,9:07:28,7512,34,177878,4,7512,178,0,0,0,0,7514,126,0,0,0,0,S
2012-08-20,9:07:28,7512,20,177898,8,7512,174,0,0,0,0,7514,138,0,0,0,0,S
2012-08-20,9:07:29,7514,56,177954,50,7512,175,0,0,0,0,7514,161,0,0,0,0,B
2012-08-20,9:07:29,7514,50,178004,48,7512,152,0,0,0,0,7514,163,0,0,0,0,B
2012-08-20,9:07:30,7514,48,178052,20,7512,148,0,0,0,0,7514,159,0,0,0,0,B
2012-08-20,9:07:31,7512,42,178094,24,7512,138,0,0,0,0,7514,150,0,0,0,0,S
2012-08-20,9:07:31,7512,6,178100,4,7512,138,0,0,0,0,7514,100,0,0,0,0,S
2012-08-20,9:07:31,7512,106,178206,98,7512,87,0,0,0,0,7514,98,0,0,0,0,S
2012-08-20,9:07:32,7514,2,178208,0,7512,87,0,0,0,0,7514,97,0,0,0,0,B
2012-08-20,9:07:32,7514,46,178254,26,7512,87,0,0,0,0,7514,75,0,0,0,0,B
2012-08-20,9:07:32,7514,16,178270,16,7512,83,0,0,0,0,7514,73,0,0,0,0,B
2012-08-20,9:07:32,7514,8,178278,0,7512,83,0,0,0,0,7514,123,0,0,0,0,B
2012-08-20,9:07:33,7514,50,178328,48,7512,79,0,0,0,0,7514,103,0,0,0,0,B
2012-08-20,9:07:34,7512,50,178378,42,7512,65,0,0,0,0,7514,111,0,0,0,0,S
2012-08-20,9:07:34,7512,22,178400,20,7512,56,0,0,0,0,7514,59,0,0,0,0,S
2012-08-20,9:07:34,7512,110,178510,28,7512,5,0,0,0,0,7514,58,0,0,0,0,S
2012-08-20,9:07:35,7512,64,178574,48,7510,173,0,0,0,0,7512,3,0,0,0,0,S
2012-08-20,9:07:35,7514,50,178624,30,7512,40,0,0,0,0,7514,20,0,0,0,0,B
2012-08-20,9:07:36,7512,2,178626,2,7512,45,0,0,0,0,7514,22,0,0,0,0,S
2012-08-20,9:07:36,7514,24,178650,22,7512,38,0,0,0,0,7514,85,0,0,0,0,B
2012-08-20,9:07:37,7512,40,178690,32,7512,22,0,0,0,0,7514,84,0,0,0,0,S
2012-08-20,9:07:37,7514,4,178694,4,7512,22,0,0,0,0,7514,82,0,0,0,0,B
2012-08-20,9:07:37,7514,66,178760,22,7512,23,0,0,0,0,7514,62,0,0,0,0,B
2012-08-20,9:07:38,7512,54,178814,-26,7510,188,0,0,0,0,7512,23,0,0,0,0,S
2012-08-20,9:07:38,7512,2,178816,0,7510,188,0,0,0,0,7512,22,0,0,0,0,B
2012-08-20,9:07:39,7512,40,178856,-2,7510,178,0,0,0,0,7512,12,0,0,0,0,B
2012-08-20,9:07:39,7512,12,178868,-4,7510,178,0,0,0,0,7512,56,0,0,0,0,B
2012-08-20,9:07:40,7512,12,178880,0,7510,178,0,0,0,0,7512,68,0,0,0,0,B
2012-08-20,9:07:40,7512,32,178912,0,7510,178,0,0,0,0,7512,56,0,0,0,0,B
2012-08-20,9:07:41,7512,62,178974,-6,7510,172,0,0,0,0,7512,137,0,0,0,0,B
2012-08-20,9:07:42,7514,306,179280,-198,7512,65,0,0,0,0,7514,94,0,0,0,0,B
2012-08-20,9:07:42,7514,40,179320,36,7512,63,0,0,0,0,7514,77,0,0,0,0,B
2012-08-20,9:07:42,7512,4,179324,0,7512,73,0,0,0,0,7514,177,0,0,0,0,S
2012-08-20,9:07:42,7512,4,179328,-4,7512,76,0,0,0,0,7514,178,0,0,0,0,S
2012-08-20,9:07:43,7512,8,179336,0,7512,71,0,0,0,0,7514,178,0,0,0,0,S
2012-08-20,9:07:43,7514,2,179338,2,7512,73,0,0,0,0,7514,177,0,0,0,0,B
2012-08-20,9:07:43,7514,2,179340,2,7512,74,0,0,0,0,7514,176,0,0,0,0,B
2012-08-20,9:07:44,7512,2,179342,0,7512,74,0,0,0,0,7514,186,0,0,0,0,S
2012-08-20,9:07:44,7514,80,179422,-40,7512,49,0,0,0,0,7514,239,0,0,0,0,B
2012-08-20,9:07:44,7512,2,179424,-2,7512,86,0,0,0,0,7514,240,0,0,0,0,S
2012-08-20,9:07:44,7512,2,179426,0,7512,88,0,0,0,0,7514,241,0,0,0,0,S
2012-08-20,9:07:45,7512,206,179632,38,7510,243,0,0,0,0,7512,20,0,0,0,0,S
2012-08-20,9:07:45,7512,4,179636,0,7510,244,0,0,0,0,7512,18,0,0,0,0,B
2012-08-20,9:07:46,7512,8,179644,-4,7510,244,0,0,0,0,7512,24,0,0,0,0,B
2012-08-20,9:07:46,7510,8,179652,-6,7510,245,0,0,0,0,7512,281,0,0,0,0,S
2012-08-20,9:07:46,7512,72,179724,-50,7510,246,0,0,0,0,7512,254,0,0,0,0,B
2012-08-20,9:07:46,7512,22,179746,-16,7510,236,0,0,0,0,7512,346,0,0,0,0,B
2012-08-20,9:07:47,7512,460,180206,-216,7510,21,0,0,0,0,7512,336,0,0,0,0,B
2012-08-20,9:07:47,7510,68,180274,-2,7508,179,0,0,0,0,7510,21,0,0,0,0,S
2012-08-20,9:07:47,7508,22,180296,0,7508,168,0,0,0,0,7510,31,0,0,0,0,S
2012-08-20,9:07:48,7510,26,180322,4,7508,158,0,0,0,0,7510,245,0,0,0,0,B
2012-08-20,9:07:48,7508,32,180354,6,7508,143,0,0,0,0,7510,326,0,0,0,0,S
2012-08-20,9:07:49,7510,32,180386,2,7508,128,0,0,0,0,7510,310,0,0,0,0,B
2012-08-20,9:07:49,7508,4,180390,2,7508,127,0,0,0,0,7510,340,0,0,0,0,S
2012-08-20,9:07:49,7510,64,180454,60,7508,125,0,0,0,0,7510,201,0,0,0,0,B
2012-08-20,9:07:50,7508,14,180468,-2,7508,172,0,0,0,0,7510,201,0,0,0,0,S
2012-08-20,9:07:50,7510,58,180526,-6,7508,149,0,0,0,0,7510,116,0,0,0,0,B
2012-08-20,9:07:50,7510,38,180564,26,7508,139,0,0,0,0,7510,106,0,0,0,0,B
2012-08-20,9:07:51,7508,52,180616,-6,7508,119,0,0,0,0,7510,112,0,0,0,0,S
2012-08-20,9:07:51,7508,2,180618,0,7508,121,0,0,0,0,7510,113,0,0,0,0,S
2012-08-20,9:07:52,7510,2,180620,2,7508,123,0,0,0,0,7510,112,0,0,0,0,B
2012-08-20,9:07:52,7510,18,180638,16,7508,136,0,0,0,0,7510,105,0,0,0,0,B
2012-08-20,9:07:52,7510,2,180640,0,7508,140,0,0,0,0,7510,104,0,0,0,0,B
2012-08-20,9:07:52,7510,2,180642,2,7508,140,0,0,0,0,7510,103,0,0,0,0,B
2012-08-20,9:07:53,7508,32,180674,16,7508,126,0,0,0,0,7510,101,0,0,0,0,S
2012-08-20,9:07:53,7510,84,180758,84,7508,127,0,0,0,0,7510,59,0,0,0,0,B
2012-08-20,9:07:54,7508,126,180884,42,7508,81,0,0,0,0,7510,59,0,0,0,0,S
2012-08-20,9:07:54,7508,6,180890,2,7508,81,0,0,0,0,7510,60,0,0,0,0,S
2012-08-20,9:07:54,7508,52,180942,30,7508,70,0,0,0,0,7510,55,0,0,0,0,S
2012-08-20,9:07:54,7508,68,181010,0,7508,67,0,0,0,0,7510,35,0,0,0,0,S
2012-08-20,9:07:55,7508,32,181042,4,7508,55,0,0,0,0,7510,41,0,0,0,0,S
2012-08-20,9:07:55,7510,2,181044,2,7508,55,0,0,0,0,7510,53,0,0,0,0,B
2012-08-20,9:07:55,7510,126,181170,-48,7510,37,0,0,0,0,7512,206,0,0,0,0,B
2012-08-20,9:07:56,7510,20,181190,-20,7510,27,0,0,0,0,7512,207,0,0,0,0,S
2012-08-20,9:07:56,7510,8,181198,-2,7510,27,0,0,0,0,7512,207,0,0,0,0,S
2012-08-20,9:07:57,7512,8,181206,-4,7510,24,0,0,0,0,7512,206,0,0,0,0,B
2012-08-20,9:07:57,7510,2,181208,0,7510,124,0,0,0,0,7512,207,0,0,0,0,S
2012-08-20,9:07:57,7510,2,181210,0,7510,124,0,0,0,0,7512,207,0,0,0,0,S
2012-08-20,9:07:57,7510,10,181220,4,7510,133,0,0,0,0,7512,205,0,0,0,0,S
2012-08-20,9:07:58,7510,16,181236,0,7510,140,0,0,0,0,7512,204,0,0,0,0,S
2012-08-20,9:07:58,7512,64,181300,40,7510,113,0,0,0,0,7512,199,0,0,0,0,B
2012-08-20,9:07:58,7510,2,181302,2,7510,112,0,0,0,0,7512,201,0,0,0,0,S
2012-08-20,9:07:59,7512,12,181314,0,7510,109,0,0,0,0,7512,200,0,0,0,0,B
2012-08-20,9:07:59,7510,32,181346,10,7510,99,0,0,0,0,7512,135,0,0,0,0,S
2012-08-20,9:07:59,7510,6,181352,4,7510,101,0,0,0,0,7512,134,0,0,0,0,S
2012-08-20,9:07:59,7510,4,181356,2,7510,107,0,0,0,0,7512,135,0,0,0,0,S
2012-08-20,9:08:00,7512,46,181402,44,7510,88,0,0,0,0,7512,132,0,0,0,0,B
2012-08-20,9:08:00,7512,32,181434,0,7510,97,0,0,0,0,7512,117,0,0,0,0,B
2012-08-20,9:08:01,7512,20,181454,0,7510,98,0,0,0,0,7512,116,0,0,0,0,B
2012-08-20,9:08:01,7510,4,181458,0,7510,96,0,0,0,0,7512,124,0,0,0,0,S
2012-08-20,9:08:01,7510,22,181480,2,7510,88,0,0,0,0,7512,124,0,0,0,0,S
2012-08-20,9:08:01,7510,2,181482,2,7510,87,0,0,0,0,7512,124,0,0,0,0,S
2012-08-20,9:08:02,7510,38,181520,38,7510,73,0,0,0,0,7512,124,0,0,0,0,S
2012-08-20,9:08:02,7510,2,181522,2,7510,81,0,0,0,0,7512,124,0,0,0,0,S
2012-08-20,9:08:02,7510,6,181528,6,7510,79,0,0,0,0,7512,123,0,0,0,0,S
2012-08-20,9:08:02,7510,14,181542,14,7510,72,0,0,0,0,7512,79,0,0,0,0,S
2012-08-20,9:08:03,7510,4,181546,2,7510,83,0,0,0,0,7512,77,0,0,0,0,S
2012-08-20,9:08:03,7510,108,181654,28,7510,85,0,0,0,0,7512,47,0,0,0,0,S
2012-08-20,9:08:03,7510,2,181656,0,7510,120,0,0,0,0,7512,48,0,0,0,0,S
2012-08-20,9:08:04,7510,16,181672,0,7510,117,0,0,0,0,7512,49,0,0,0,0,S
2012-08-20,9:08:04,7512,84,181756,-10,7510,114,0,0,0,0,7512,17,0,0,0,0,B
2012-08-20,9:08:05,7510,20,181776,-12,7510,106,0,0,0,0,7512,20,0,0,0,0,S
2012-08-20,9:08:05,7512,12,181788,10,7510,105,0,0,0,0,7512,12,0,0,0,0,B
2012-08-20,9:08:05,7512,30,181818,10,7512,4,0,0,0,0,7514,291,0,0,0,0,B
2012-08-20,9:08:06,7514,10,181828,0,7512,217,0,0,0,0,7514,287,0,0,0,0,B
2012-08-20,9:08:07,7512,34,181862,6,7512,200,0,0,0,0,7514,287,0,0,0,0,S
2012-08-20,9:08:07,7512,12,181874,0,7512,196,0,0,0,0,7514,287,0,0,0,0,S
2012-08-20,9:08:07,7512,2,181876,2,7512,212,0,0,0,0,7514,288,0,0,0,0,S
2012-08-20,9:08:08,7514,20,181896,12,7512,206,0,0,0,0,7514,286,0,0,0,0,B
2012-08-20,9:08:08,7512,20,181916,20,7512,196,0,0,0,0,7514,286,0,0,0,0,S
2012-08-20,9:08:09,7514,6,181922,6,7512,203,0,0,0,0,7514,235,0,0,0,0,B
2012-08-20,9:08:09,7514,10,181932,0,7512,204,0,0,0,0,7514,230,0,0,0,0,B
2012-08-20,9:08:09,7512,2,181934,2,7512,203,0,0,0,0,7514,230,0,0,0,0,S
2012-08-20,9:08:09,7514,8,181942,-6,7512,203,0,0,0,0,7514,226,0,0,0,0,B
2012-08-20,9:08:10,7512,28,181970,-16,7512,257,0,0,0,0,7514,214,0,0,0,0,S
2012-08-20,9:08:10,7514,2,181972,0,7512,257,0,0,0,0,7514,213,0,0,0,0,B
2012-08-20,9:08:10,7514,192,182164,188,7512,255,0,0,0,0,7514,121,0,0,0,0,B
2012-08-20,9:08:11,7514,310,182474,116,7514,190,0,0,0,0,7516,661,0,0,0,0,B
2012-08-20,9:08:11,7514,56,182530,-48,7514,316,0,0,0,0,7516,659,0,0,0,0,S
2012-08-20,9:08:11,7514,134,182664,114,7514,180,0,0,0,0,7516,659,0,0,0,0,S
2012-08-20,9:08:12,7516,6,182670,2,7514,216,0,0,0,0,7516,656,0,0,0,0,B
2012-08-20,9:08:12,7514,36,182706,6,7514,217,0,0,0,0,7516,649,0,0,0,0,S
2012-08-20,9:08:13,7514,28,182734,22,7514,215,0,0,0,0,7516,646,0,0,0,0,S
2012-08-20,9:08:13,7514,4,182738,2,7514,218,0,0,0,0,7516,648,0,0,0,0,S
2012-08-20,9:08:13,7516,24,182762,24,7514,208,0,0,0,0,7516,646,0,0,0,0,B
2012-08-20,9:08:14,7514,304,183066,-10,7514,207,0,0,0,0,7516,496,0,0,0,0,S
2012-08-20,9:08:14,7514,128,183194,-26,7514,147,0,0,0,0,7516,492,0,0,0,0,S
2012-08-20,9:08:14,7516,22,183216,14,7514,150,0,0,0,0,7516,485,0,0,0,0,B
2012-08-20,9:08:15,7516,18,183234,2,7514,160,0,0,0,0,7516,482,0,0,0,0,B
2012-08-20,9:08:15,7516,2,183236,2,7514,160,0,0,0,0,7516,482,0,0,0,0,B
2012-08-20,9:08:16,7516,14,183250,14,7514,161,0,0,0,0,7516,475,0,0,0,0,B
2012-08-20,9:08:16,7514,42,183292,0,7514,152,0,0,0,0,7516,455,0,0,0,0,S
2012-08-20,9:08:16,7514,22,183314,20,7514,142,0,0,0,0,7516,455,0,0,0,0,S
2012-08-20,9:08:16,7514,16,183330,10,7514,141,0,0,0,0,7516,446,0,0,0,0,S
2012-08-20,9:08:17,7516,46,183376,42,7514,139,0,0,0,0,7516,428,0,0,0,0,B
2012-08-20,9:08:17,7516,492,183868,226,7514,3,0,0,0,0,7516,384,0,0,0,0,B
2012-08-20,9:08:17,7516,26,183894,0,7512,379,0,0,0,0,7516,380,0,0,0,0,B
2012-08-20,9:08:18,7514,4,183898,2,7512,379,0,0,0,0,7516,383,0,0,0,0,S
2012-08-20,9:08:18,7516,10,183908,-2,7512,328,0,0,0,0,7516,382,0,0,0,0,B
2012-08-20,9:08:19,7516,142,184050,136,7514,13,0,0,0,0,7516,314,0,0,0,0,B
2012-08-20,9:08:19,7514,8,184058,2,7514,11,0,0,0,0,7516,319,0,0,0,0,S
2012-08-20,9:08:20,7514,2,184060,0,7514,92,0,0,0,0,7516,322,0,0,0,0,S
2012-08-20,9:08:20,7516,14,184074,14,7514,142,0,0,0,0,7516,315,0,0,0,0,B
2012-08-20,9:08:20,7514,10,184084,4,7514,164,0,0,0,0,7516,323,0,0,0,0,S
2012-08-20,9:08:20,7516,14,184098,0,7514,174,0,0,0,0,7516,316,0,0,0,0,B
2012-08-20,9:08:21,7516,2,184100,-2,7514,174,0,0,0,0,7516,315,0,0,0,0,B
2012-08-20,9:08:21,7516,2,184102,0,7514,198,0,0,0,0,7516,318,0,0,0,0,B
2012-08-20,9:08:21,7516,24,184126,16,7514,198,0,0,0,0,7516,307,0,0,0,0,B
2012-08-20,9:08:21,7516,26,184152,0,7514,209,0,0,0,0,7516,294,0,0,0,0,B
2012-08-20,9:08:22,7516,46,184198,30,7514,210,0,0,0,0,7516,276,0,0,0,0,B
2012-08-20,9:08:23,7516,100,184298,-24,7514,180,0,0,0,0,7516,277,0,0,0,0,B
2012-08-20,9:08:23,7516,4,184302,0,7514,180,0,0,0,0,7516,278,0,0,0,0,B
2012-08-20,9:08:24,7516,226,184528,-150,7514,153,0,0,0,0,7516,176,0,0,0,0,B
2012-08-20,9:08:24,7516,6,184534,2,7514,153,0,0,0,0,7516,184,0,0,0,0,B
2012-08-20,9:08:25,7516,142,184676,-78,7514,153,0,0,0,0,7516,113,0,0,0,0,B
2012-08-20,9:08:25,7514,12,184688,-2,7514,150,0,0,0,0,7516,112,0,0,0,0,S
2012-08-20,9:08:25,7516,10,184698,-8,7514,152,0,0,0,0,7516,107,0,0,0,0,B
